2884 4625
672 329 721 402 te

218 540 372 605 nonnullis
398 540 591 621 vituperatus
612 549 722 624 osset,
747 541 923 625 „flagitium
953 557 1041 606 sunus
1071 545 1175 625 gravis

217 681 269 744 ille
292 681 508 763 philosophiae
526 682 639 745 dootor
656 682 704 745 'sio
725 681 871 765 defendit,
893 690 927 745 nt
942 682 1070 766 diceret,
1093 683 1175 746 rnul-

216 823 279 880 tnm
305 819 386 883 inter
416 829 452 884 se
481 828 513 883 et
543 828 668 885 eeteros
702 822 805 886 Laidis
835 831 990 888 amatores
1010 825 1175 908 interesse,

160 965 163 970 ’
219 960 301 1040 qnod
324 961 393 1042 ipse
414 961 544 1027 haberet
564 962 709 1046 Laidem,
732 965 793 1026 ‘alii
815 981 892 1027 vero
915 983 934 1027 a
953 964 1051 1028 Laide
1073 963 1175 1038 hahe-

217 1101 350 1163 rentnr’'.
400 1102 489 1165 Unde
511 1102 711 1186 factumest,
734 1110 770 1167 ut
789 1103 869 1169 haee
891 1078 1053 1168 excusatio
1076 1105 1175 1186 magis

218 1257 307 1320 qnam
326 1242 429 1322 ipsum
449 1240 597 1324 flagitium
619 1243 847 1325 vituperaretur
860 1242 897 1328 ¹),
925 1251 959 1324 et
987 1242 1019 1306 id
1051 1244 1174 1325 quidem

217 1397 335 1444 summo
366 1397 438 1446 oum-
459 1383 542 1464 jnre.
597 1382 673 1448 Nam
703 1384 763 1448 etsi
792 1383 967 1465 Aristippus
995 1383 1055 1446 lino
1086 1383 1119 1445 in
1139 1401 1174 1445 re

217 1519 354 1584 Soerntis
386 1522 560 1602 exemplum
582 1523 651 1587 sihi
684 1522 819 1587 fortasse
843 1523 1019 1588 ‚videbatur
1043 1524 1173 1588 imitari:

213 1713 311 1784 ἔχομαι
323 1710 366 1765 ὑπ’
379 1712 463 1779 αὐτῆς.
483 1712 518 1767 ci.
533 1710 673 1785 chrysost.
687 1714 716 1769 in
728 1713 825 1770 Mani.
835 1717 878 1769 10.
892 1704 1048 1771 1101111134.
1065 1713 1173 1771 Deinde

215 1815 250 1871 de
267 1817 426 1887 memssime
443 1820 471 1874 ri
489 1820 636 1874 uerborum
653 1823 706 1892 ἔχω
726 1820 775 1874 οὐκ
792 1824 897 1894 ἔχομαι.
935 1820 1102 1876 01.Ιιοοί)ο.
1117 1820 1171 1893 Op.

214 1922 262 1978 lv.
271 1942 309 1996 ,p
321 1927 385 2000 403.
405 1943 433 1979 n.
448 1927 491 1980 12.
523 1926 662 1981 Wielend.
676 1924 824 2008 ndHorat.
838 1929 906 2000 epl
920 1947 948 1982 n.
955 1931 981 1984 6.
992 1926 1058 2008 „Er
1070 1928 1174 1984 kounte

215 2027 272 2083 Das
291 2031 320 2084 in
337 2031 430 2085 seiner
443 2029 567 2102 Spraehs
581 2034 631 2087 mit
643 2033 703 2088 drei
715 2032 834 2089 Wortan
848 2051 941 2104 sagon,
960 2036 1017 2088 und
1033 2052 1065 2089 so
1078 2035 1175 2107 klsugs

214 2136 323 2191 lreilielr
347 2136 420 2189 noch
446 2136 569 2192 besser.’'
612 2134 786 2202 solllcieer.
805 2140 825 2193 l.
843 2140 863 2193 l.
882 2137 1008 2195 “Graece
1032 2141 1086 2196 hoc
1110 2160 1175 2195 me-

214 2242 295 2298 lius.”
331 2241 434 2298 Mureti
451 2242 517 2297 var.
537 2242 600 2297 leot.
622 2241 667 2297 vl.
687 2244 713 2297 7.
760 2241 856 2299 Simile
881 2246 947 2320 quid
974 2247 1008 2300 ab
1031 2246 1173 2320 Aristippo

216 2348 297 2404 etiem
315 2350 350 2403 de
369 2350 423 2404 aliti
440 2348 615 2405 meretricula
633 2351 838 2422 pronuntiatum
857 2369 934 2415 esse,
957 2361 1073 2407 testatur
1090 2353 1172 2424 Diog.

214 2453 244 2508 ln
264 2453 300 2508 11.
318 2450 436 2510 sumni
461 2455 533 2509 forte
551 2454 620 2512 haee
642 2448 764 2511 namatio
782 2452 876 2511 illido
894 2475 947 2530 qun
965 2458 1051 2512 locuti
1071 2476 1174 2526 snmus,

214 2560 348 2630 originem
366 2561 483 2616 debet·
600 2556 603 2563 ’
639 2612 652 2621 ,,
720 2558 755 2603 ·’

270 2666 296 2733 1)
315 2664 341 2719 0
359 2668 500 2737 praeolurn
528 2676 558 2721 st
579 2667 660 2721 bonis
679 2661 808 2722 imitanda
827 2668 976 2739 snpientia!
1013 2667 1089 2723 Huic
1106 2686 1172 2724 vero

215 2770 318 2824 liberos
339 2770 369 2824 in
394 2770 565 2847 disciplinam
589 2774 685 2839 dares,
709 2783 740 2829 ut
764 2774 903 2829 disserent
920 2775 1023 2830 habore
1042 2777 1173 2830 meretri-

216 2875 297 2930 esuri
332 2876 445 2948 Aliquid
462 2878 536 2933 inter
555 2897 585 2934 se
605 2898 638 2934 ao
656 2880 779 2951 perditos
796 2880 931 2935 interesse
942 2872 1073 2946 dicebat,
1092 2882 1173 2936 soili-

213 2984 350 3055 estquod
368 2983 409 3037 illi
428 2985 500 3039 bona
518 2986 574 3056 {sua
599 2987 761 3057 perderent,
789 2986 850 3057 ipse
868 2987 952 3056 gretia
978 2986 1171 3040 luxuriaretur.

212 3088 244 3141 ln
269 3107 324 3162 quo
349 3090 433 3160 plane
459 3091 610 3161 sapientior
634 3092 772 3145 meretrix
788 3090 854 3154 fnit,
881 3107 951 3163 quse
977 3088 1172 3163 philosophum

213 3193 311 3251 habuit
326 3210 378 3263 pro
394 3195 504 3257 lenone,
523 3202 554 3246 ut
572 3192 606 3246 ad
622 3210 654 3246 so
672 3195 761 3247 omnis
776 3194 915 3264 juventus,
935 3196 1056 3249 doctoris
1074 3213 1172 3250 exem-

213 3299 259 3370 plo
285 3308 314 3352 at
337 3296 500 3351 morenate
525 3294 654 3368 eorrupta
684 3298 745 3351 sine
769 3296 826 3351 ullo
851 3298 957 3369 pudore
982 3312 1170 3356 concurrerat.

213 3401 287 3468 Quid
306 3416 373 3470 argo
391 3399 532 3466 interfuit,
558 3418 612 3472 quo
637 3401 728 3455 animo
747 3401 928 3473 philosophus
947 3403 981 3457 ad
998 3404 1171 3460 meretricem

212 3506 421 3563 famosissimam
439 3515 630 3571 commearet,
643 3523 727 3579 quum
744 3523 808 3560 eum
826 3507 946 3579 populum
964 3516 993 3562 et
1010 3508 1110 3562 rivales
1127 3511 1171 3565 sui

212 3614 338 3668 viderent
356 3611 484 3666 omuibus
501 3612 615 3683 perditis
634 3613 796 3685 nequiorem
816 3624 870 3669 eet.
906 3614 1029 3679 Leotant
1049 3618 1083 3671 de
1102 3617 1171 3673 falsa

213 3735 270 3789 esp.
290 3717 339 3772 111.
362 3718 404 3772 lt.
426 3717 503 3790 eujus
523 3719 605 3775 etiam
625 3737 657 3775 sn
676 3729 741 3774 suut
757 3721 849 3787 verba,
868 3739 939 3795 quae
957 3732 1037 3778 entes
1056 3740 1071 3776 a
1090 3723 1170 3777 nobis

212 3821 292 3876 alluta
311 3831 382 3876 sunt.
420 3820 478 3878 Sed
495 3840 612 3887 vereor,
631 3840 668 3878 ne
686 3822 770 3878 Pater
788 3826 976 3883 sanedssimss
994 3826 1115 3898 iniquius
1135 3828 1170 3881 de

213 3924 354 3996 Aristippo
370 3926 541 3996 judicaverit.
621 3927 623 3931 ’
