<?xml version="1.0" encoding="UTF-8"?>
<!DOCTYPE html PUBLIC "-//W3C//DTD XHTML 1.0 Transitional//EN"
    "http://www.w3.org/TR/xhtml1/DTD/xhtml1-transitional.dtd">
<html xmlns="http://www.w3.org/1999/xhtml" xml:lang="en" lang="en">
 <head>
  <title>
</title>
<meta http-equiv="Content-Type" content="text/html;charset=utf-8" />
  <meta name='ocr-system' content='tesseract 3.04.00' />
  <meta name='ocr-capabilities' content='ocr_page ocr_carea ocr_par ocr_line ocrx_word'/>
</head>
<body>
  <div class='ocr_page' id='page_1' title='image "./dephilosophiacy00steigoog_0055.png"; bbox 0 0 2884 4625; ppageno 0'>
   <div class='ocr_carea' id='block_1_1' title="bbox 666 380 713 453">
    <p class='ocr_par' dir='ltr' id='par_1_1' title="bbox 666 380 713 453">
     <span class='ocr_line' id='line_1_1' title="bbox 666 380 713 453; baseline 0.021 -1"><span class='ocrx_word' id='word_1_1' title='bbox 666 380 713 453; x_wconf 78' lang='lat'><strong>51</strong></span> 
     </span>
    </p>
   </div>
   <div class='ocr_carea' id='block_1_2' title="bbox 215 598 1170 684">
    <p class='ocr_par' dir='ltr' id='par_1_2' title="bbox 215 598 1170 684">
     <span class='ocr_line' id='line_1_2' title="bbox 215 598 1170 684; baseline 0.003 -23"><span class='ocrx_word' id='word_1_2' title='bbox 215 617 294 680; x_wconf 83' lang='lat' dir='ltr'><strong>quoe</strong></span> <span class='ocrx_word' id='word_1_3' title='bbox 326 598 384 660; x_wconf 86' lang='lat' dir='ltr'><strong>hac</strong></span> <span class='ocrx_word' id='word_1_4' title='bbox 417 598 458 660; x_wconf 89' lang='lat' dir='ltr'><strong>de</strong></span> <span class='ocrx_word' id='word_1_5' title='bbox 486 618 521 661; x_wconf 90' lang='lat' dir='ltr'><strong>re</strong></span> <span class='ocrx_word' id='word_1_6' title='bbox 554 600 634 680; x_wconf 85' lang='lat' dir='ltr'><strong>apud</strong></span> <span class='ocrx_word' id='word_1_7' title='bbox 662 608 787 666; x_wconf 85' lang='lat' dir='ltr'><strong>veteres</strong></span> <span class='ocrx_word' id='word_1_8' title='bbox 818 603 986 681; x_wconf 81' lang='lat' dir='ltr'><strong>scriptores</strong></span> <span class='ocrx_word' id='word_1_9' title='bbox 1017 601 1170 684; x_wconf 82' lang='lat' dir='ltr'><strong>leguntur,</strong></span> 
     </span>
    </p>
   </div>
   <div class='ocr_carea' id='block_1_3' title="bbox 223 747 501 761">
    <p class='ocr_par' dir='ltr' id='par_1_3' title="bbox 223 747 501 761">
     <span class='ocr_line' id='line_1_3' title="bbox 223 747 501 761; baseline -0.007 0"><span class='ocrx_word' id='word_1_10' title='bbox 223 747 501 761; x_wconf 47' lang='lat' dir='ltr'><strong>boun—...ffl—</strong></span> 
     </span>
    </p>
   </div>
   <div class='ocr_carea' id='block_1_4' title="bbox 213 827 1175 2489">
    <p class='ocr_par' dir='ltr' id='par_1_4' title="bbox 213 827 1175 2489">
     <span class='ocr_line' id='line_1_4' title="bbox 213 827 1171 914; baseline 0.011 -33"><span class='ocrx_word' id='word_1_11' title='bbox 213 830 308 902; x_wconf 91' lang='lat' dir='ltr'><strong>quium</strong></span> <span class='ocrx_word' id='word_1_12' title='bbox 333 847 394 882; x_wconf 89' lang='lat' dir='ltr'><strong>cum</strong></span> <span class='ocrx_word' id='word_1_13' title='bbox 419 827 561 901; x_wconf 78' lang='lat' dir='ltr'><strong>Aristippo</strong></span> <span class='ocrx_word' id='word_1_14' title='bbox 587 831 736 888; x_wconf 78' lang='lat' dir='ltr'><strong>habuisset.</strong></span> <span class='ocrx_word' id='word_1_15' title='bbox 781 830 849 914; x_wconf 77' lang='lat' dir='ltr'><strong>Nam</strong></span> <span class='ocrx_word' id='word_1_16' title='bbox 873 831 1032 905; x_wconf 84' lang='lat' dir='ltr'><strong>Xenophon</strong></span> <span class='ocrx_word' id='word_1_17' title='bbox 1056 837 1171 903; x_wconf 87' lang='lat' dir='ltr'><strong>ridetur,</strong></span> 
     </span>
     <span class='ocr_line' id='line_1_5' title="bbox 213 917 1172 1011; baseline 0.007 -21"><span class='ocrx_word' id='word_1_18' title='bbox 213 946 244 990; x_wconf 91' lang='lat' dir='ltr'><strong>ut</strong></span> <span class='ocrx_word' id='word_1_19' title='bbox 262 937 300 990; x_wconf 87' lang='lat' dir='ltr'><strong>ait</strong></span> <span class='ocrx_word' id='word_1_20' title='bbox 319 935 466 990; x_wconf 89' lang='lat' dir='ltr'><strong>Wendtius</strong></span> <span class='ocrx_word' id='word_1_21' title='bbox 485 955 512 1007; x_wconf 91' lang='lat' dir='ltr'><strong>p.</strong></span> <span class='ocrx_word' id='word_1_22' title='bbox 533 917 569 1002; x_wconf 75' lang='lat'><strong>9.,&#39;</strong></span> <span class='ocrx_word' id='word_1_23' title='bbox 587 938 672 992; x_wconf 89' lang='lat' dir='ltr'><strong>“illud</strong></span> <span class='ocrx_word' id='word_1_24' title='bbox 692 939 874 1011; x_wconf 84' lang='lat' dir='ltr'><strong>colloquium,</strong></span> <span class='ocrx_word' id='word_1_25' title='bbox 899 939 973 1011; x_wconf 92' lang='lat' dir='ltr'><strong>quod</strong></span> <span class='ocrx_word' id='word_1_26' title='bbox 992 957 1025 992; x_wconf 88' lang='lat' dir='ltr'><strong>ex</strong></span> <span class='ocrx_word' id='word_1_27' title='bbox 1043 944 1172 997; x_wconf 89' lang='lat' dir='ltr'><strong>memoria</strong></span> 
     </span>
     <span class='ocr_line' id='line_1_6' title="bbox 213 1041 1173 1115; baseline 0.005 -21"><span class='ocrx_word' id='word_1_28' title='bbox 213 1042 313 1107; x_wconf 79' lang='lat' dir='ltr'>refert,</span> <span class='ocrx_word' id='word_1_29' title='bbox 342 1058 431 1114; x_wconf 86' lang='lat' dir='ltr'><strong>nequo</strong></span> <span class='ocrx_word' id='word_1_30' title='bbox 451 1042 575 1106; x_wconf 84' lang='lat' dir='ltr'><strong>finxisse,</strong></span> <span class='ocrx_word' id='word_1_31' title='bbox 603 1060 693 1114; x_wconf 92' lang='lat' dir='ltr'><strong>neque</strong></span> <span class='ocrx_word' id='word_1_32' title='bbox 720 1042 845 1113; x_wconf 91' lang='lat' dir='ltr'><strong>cupidius</strong></span> <span class='ocrx_word' id='word_1_33' title='bbox 865 1044 893 1096; x_wconf 93' lang='lat' dir='ltr'><strong>in</strong></span> <span class='ocrx_word' id='word_1_34' title='bbox 911 1041 1080 1115; x_wconf 81' lang='lat' dir='ltr'><strong>Aristippum</strong></span> <span class='ocrx_word' id='word_1_35' title='bbox 1100 1047 1173 1100; x_wconf 89' lang='lat' dir='ltr'><strong>scri-</strong></span> 
     </span>
     <span class='ocr_line' id='line_1_7' title="bbox 213 1137 1174 1220; baseline 0.004 -19"><span class='ocrx_word' id='word_1_36' title='bbox 213 1149 329 1220; x_wconf 88' lang='lat' dir='ltr'><strong>psisse.”</strong></span> <span class='ocrx_word' id='word_1_37' title='bbox 367 1146 412 1220; x_wconf 89' lang='lat' dir='ltr'><strong>(cl.</strong></span> <span class='ocrx_word' id='word_1_38' title='bbox 437 1143 588 1201; x_wconf 82' lang='lat' dir='ltr'>Hermann.</span> <span class='ocrx_word' id='word_1_39' title='bbox 609 1166 635 1218; x_wconf 90' lang='lat' dir='ltr'><strong>p.</strong></span> <span class='ocrx_word' id='word_1_40' title='bbox 655 1150 699 1202; x_wconf 88' lang='grc'><strong>32.</strong></span> <span class='ocrx_word' id='word_1_41' title='bbox 748 1145 946 1220; x_wconf 81' lang='lat' dir='ltr'><strong>“Xenophon&#39;s</strong></span> <span class='ocrx_word' id='word_1_42' title='bbox 962 1147 1049 1202; x_wconf 86' lang='lat' dir='ltr'><strong>&#39;Buch</strong></span> <span class='ocrx_word' id='word_1_43' title='bbox 1074 1137 1174 1205; x_wconf 87' lang='lat' dir='ltr'><strong>heruht</strong></span> 
     </span>
     <span class='ocr_line' id='line_1_8' title="bbox 213 1247 1174 1326; baseline 0.003 -19"><span class='ocrx_word' id='word_1_44' title='bbox 213 1247 263 1307; x_wconf 84' lang='lat' dir='ltr'><strong>aul</strong></span> <span class='ocrx_word' id='word_1_45' title='bbox 277 1251 710 1326; x_wconf 79' lang='lat' dir='ltr'><strong>wirlrlichen·Erinnerungen&#39;¹).&#39;</strong></span> <span class='ocrx_word' id='word_1_46' title='bbox 743 1252 838 1326; x_wconf 90' lang='lat' dir='ltr'><strong>ltaque</strong></span> <span class='ocrx_word' id='word_1_47' title='bbox 856 1249 999 1309; x_wconf 84' lang='lat' dir='ltr'><strong>Bentleins</strong></span> <span class='ocrx_word' id='word_1_48' title='bbox 1018 1255 1090 1309; x_wconf 91' lang='lat' dir='ltr'><strong>haud</strong></span> <span class='ocrx_word' id='word_1_49' title='bbox 1110 1275 1174 1310; x_wconf 93' lang='lat' dir='ltr'><strong>om-</strong></span> 
     </span>
     <span class='ocr_line' id='line_1_9' title="bbox 214 1346 1174 1432; baseline 0.005 -21"><span class='ocrx_word' id='word_1_50' title='bbox 214 1357 279 1412; x_wconf 89' lang='lat' dir='ltr'><strong>nino</strong></span> <span class='ocrx_word' id='word_1_51' title='bbox 299 1358 456 1429; x_wconf 85' lang='lat' dir='ltr'><strong>probandus</strong></span> <span class='ocrx_word' id='word_1_52' title='bbox 475 1358 541 1422; x_wconf 80' lang='lat' dir='ltr'><strong>erit,</strong></span> <span class='ocrx_word' id='word_1_53' title='bbox 566 1350 614 1431; x_wconf 81' lang='lat' dir='ltr'><strong>qul</strong></span> <span class='ocrx_word' id='word_1_54' title='bbox 631 1359 700 1412; x_wconf 90' lang='lat' dir='ltr'><strong>illud</strong></span> <span class='ocrx_word' id='word_1_55' title='bbox 718 1355 886 1431; x_wconf 79' lang='lat' dir='ltr'><strong>colloquium</strong></span> <span class='ocrx_word' id='word_1_56' title='bbox 905 1346 1038 1432; x_wconf 73' lang='lat' dir='ltr'><strong>“satyram</strong></span> <span class='ocrx_word' id='word_1_57' title='bbox 1058 1361 1085 1415; x_wconf 90' lang='lat' dir='ltr'><strong>in</strong></span> <span class='ocrx_word' id='word_1_58' title='bbox 1104 1362 1174 1416; x_wconf 91' lang='lat' dir='ltr'><strong>Ari-</strong></span> 
     </span>
     <span class='ocr_line' id='line_1_10' title="bbox 214 1462 1172 1538; baseline 0.005 -22"><span class='ocrx_word' id='word_1_59' title='bbox 214 1463 350 1534; x_wconf 88' lang='lat' dir='ltr'><strong>stippum”</strong></span> <span class='ocrx_word' id='word_1_60' title='bbox 374 1472 454 1517; x_wconf 77' lang='lat' dir='ltr'><strong>vocat</strong></span> <span class='ocrx_word' id='word_1_61' title='bbox 478 1462 625 1535; x_wconf 77' lang='lat' dir='ltr'><strong>(dissertat.</strong></span> <span class='ocrx_word' id='word_1_62' title='bbox 652 1464 686 1517; x_wconf 90' lang='lat' dir='ltr'><strong>de</strong></span> <span class='ocrx_word' id='word_1_63' title='bbox 715 1464 795 1535; x_wconf 85' lang='lat' dir='ltr'><strong>epist.</strong></span> <span class='ocrx_word' id='word_1_64' title='bbox 823 1462 956 1538; x_wconf 72' lang='lat' dir='ltr'><strong>Socr.‘§.</strong></span> <span class='ocrx_word' id='word_1_65' title='bbox 980 1468 1006 1521; x_wconf 83' lang='lat'><strong>8.</strong></span> <span class='ocrx_word' id='word_1_66' title='bbox 1034 1467 1068 1521; x_wconf 89' lang='lat' dir='ltr'><strong>cl.</strong></span> <span class='ocrx_word' id='word_1_67' title='bbox 1088 1465 1172 1521; x_wconf 85' lang='lat' dir='ltr'><strong>Menz</strong></span> 
     </span>
     <span class='ocr_line' id='line_1_11' title="bbox 214 1561 1174 1642; baseline 0.005 -21"><span class='ocrx_word' id='word_1_68' title='bbox 214 1567 316 1640; x_wconf 89' lang='lat' dir='ltr'><strong>prael.;</strong></span> <span class='ocrx_word' id='word_1_69' title='bbox 341 1585 368 1639; x_wconf 91' lang='lat' dir='ltr'><strong>p.</strong></span> <span class='ocrx_word' id='word_1_70' title='bbox 391 1567 437 1621; x_wconf 82' lang='lat'><strong>15:</strong></span> <span class='ocrx_word' id='word_1_71' title='bbox 476 1565 530 1621; x_wconf 89' lang='lat' dir='ltr'><strong>“At</strong></span> <span class='ocrx_word' id='word_1_72' title='bbox 552 1576 618 1621; x_wconf 82' lang='lat' dir='ltr'><strong>vero</strong></span> <span class='ocrx_word' id='word_1_73' title='bbox 638 1568 760 1622; x_wconf 88' lang='lat' dir='ltr'><strong>adhaec</strong></span> <span class='ocrx_word' id='word_1_74' title='bbox 779 1561 1100 1642; x_wconf 41' lang='lat' dir='ltr'><strong>in&#39;historia‘proroca&#39;ri</strong></span> <span class='ocrx_word' id='word_1_75' title='bbox 1114 1567 1174 1626; x_wconf 60' lang='lat' dir='ltr'><strong>&#39;ne’-</strong></span> 
     </span>
     <span class='ocr_line' id='line_1_12' title="bbox 214 1654 1173 1747; baseline 0 -18"><span class='ocrx_word' id='word_1_76' title='bbox 214 1676 275 1747; x_wconf 87' lang='lat' dir='ltr'><strong>quit</strong></span> <span class='ocrx_word' id='word_1_77' title='bbox 287 1674 370 1747; x_wconf 77' lang='lat' dir='ltr'><strong>cet.&#39;’)</strong></span> <span class='ocrx_word' id='word_1_78' title='bbox 381 1654 564 1728; x_wconf 86' lang='lat' dir='ltr'><strong>Nihilominus</strong></span> <span class='ocrx_word' id='word_1_79' title='bbox 576 1674 635 1727; x_wconf 92' lang='lat' dir='ltr'><strong>riro</strong></span> <span class='ocrx_word' id='word_1_80' title='bbox 653 1689 767 1728; x_wconf 58' lang='lat' dir='ltr'><strong>summo*</strong></span> <span class='ocrx_word' id='word_1_81' title='bbox 781 1674 861 1729; x_wconf 88' lang='lat' dir='ltr'><strong>lacile</strong></span> <span class='ocrx_word' id='word_1_82' title='bbox 881 1676 1013 1741; x_wconf 85' lang='lat' dir='ltr'><strong>concedo,</strong></span> <span class='ocrx_word' id='word_1_83' title='bbox 1033 1686 1173 1731; x_wconf 85' lang='lat' dir='ltr'><strong>auctorem</strong></span> 
     </span>
     <span class='ocr_line' id='line_1_13' title="bbox 216 1777 1175 1854; baseline 0.004 -21"><span class='ocrx_word' id='word_1_84' title='bbox 216 1780 296 1850; x_wconf 85' lang='lat' dir='ltr'><strong>epist.</strong></span> <span class='ocrx_word' id='word_1_85' title='bbox 310 1777 389 1833; x_wconf 92' lang='lat' dir='ltr'><strong>Socr.</strong></span> <span class='ocrx_word' id='word_1_86' title='bbox 412 1780 453 1834; x_wconf 86' lang='grc'><strong>18.</strong></span> <span class='ocrx_word' id='word_1_87' title='bbox 475 1779 582 1833; x_wconf 88' lang='lat' dir='ltr'><strong>“minus</strong></span> <span class='ocrx_word' id='word_1_88' title='bbox 598 1781 740 1835; x_wconf 90' lang='lat' dir='ltr'><strong>commode</strong></span> <span class='ocrx_word' id='word_1_89' title='bbox 754 1780 891 1845; x_wconf 84' lang='lat' dir='ltr'><strong>finxisse,”</strong></span> <span class='ocrx_word' id='word_1_90' title='bbox 910 1800 994 1854; x_wconf 91' lang='lat' dir='ltr'><strong>quum</strong></span> <span class='ocrx_word' id='word_1_91' title='bbox 1004 1781 1175 1854; x_wconf 84' lang='lat' dir='ltr'><strong>Aristippum</strong></span> 
     </span>
     <span class='ocr_line' id='line_1_14' title="bbox 215 1879 1175 1957; baseline 0.003 -18"><span class='ocrx_word' id='word_1_92' title='bbox 215 1904 270 1939; x_wconf 92' lang='lat' dir='ltr'><strong>non</strong></span> <span class='ocrx_word' id='word_1_93' title='bbox 306 1885 395 1939; x_wconf 91' lang='lat' dir='ltr'><strong>solum</strong></span> <span class='ocrx_word' id='word_1_94' title='bbox 421 1883 632 1956; x_wconf 80' lang='lat' dir='ltr'><strong>“Xenophontis</strong></span> <span class='ocrx_word' id='word_1_95' title='bbox 662 1881 782 1957; x_wconf 87' lang='lat' dir='ltr'><strong>hospitio</strong></span> <span class='ocrx_word' id='word_1_96' title='bbox 808 1887 837 1940; x_wconf 90' lang='lat' dir='ltr'><strong>in</strong></span> <span class='ocrx_word' id='word_1_97' title='bbox 865 1884 999 1941; x_wconf 90' lang='lat' dir='ltr'><strong>Scillunte</strong></span> <span class='ocrx_word' id='word_1_98' title='bbox 1027 1879 1175 1955; x_wconf 80' lang='lat' dir='ltr'><strong>utentem’&#39;,</strong></span> 
     </span>
     <span class='ocr_line' id='line_1_15' title="bbox 217 1986 1175 2065; baseline 0.002 -20"><span class='ocrx_word' id='word_1_99' title='bbox 217 1993 265 2046; x_wconf 89' lang='lat' dir='ltr'><strong>sed</strong></span> <span class='ocrx_word' id='word_1_100' title='bbox 285 1986 367 2046; x_wconf 88' lang='lat' dir='ltr'><strong>etiam</strong></span> <span class='ocrx_word' id='word_1_101' title='bbox 386 1990 445 2061; x_wconf 89' lang='lat' dir='ltr'><strong>ejus</strong></span> <span class='ocrx_word' id='word_1_102' title='bbox 458 1989 647 2046; x_wconf 87' lang='lat' dir='ltr'><strong>Memorabilia</strong></span> <span class='ocrx_word' id='word_1_103' title='bbox 667 1993 823 2046; x_wconf 81' lang='lat' dir='ltr'><strong>audientem</strong></span> <span class='ocrx_word' id='word_1_104' title='bbox 843 1993 1110 2065; x_wconf 85' lang='lat' dir='ltr'><strong>approbantemque”</strong></span> <span class='ocrx_word' id='word_1_105' title='bbox 1130 1994 1175 2047; x_wconf 85' lang='lat' dir='ltr'><strong>ia-</strong></span> 
     </span>
     <span class='ocr_line' id='line_1_16' title="bbox 217 2095 1175 2169; baseline 0.002 -18"><span class='ocrx_word' id='word_1_106' title='bbox 217 2099 279 2153; x_wconf 90' lang='lat' dir='ltr'><strong>ciat.</strong></span> <span class='ocrx_word' id='word_1_107' title='bbox 317 2097 362 2169; x_wconf 82' lang='lat' dir='ltr'><strong>[cl.</strong></span> <span class='ocrx_word' id='word_1_108' title='bbox 382 2095 529 2150; x_wconf 84' lang='lat' dir='ltr'><strong>Ruhnken.</strong></span> <span class='ocrx_word' id='word_1_109' title='bbox 549 2098 582 2150; x_wconf 90' lang='lat' dir='ltr'><strong>ad</strong></span> <span class='ocrx_word' id='word_1_110' title='bbox 600 2095 675 2151; x_wconf 81' lang='lat' dir='ltr'><strong>lien.</strong></span> <span class='ocrx_word' id='word_1_111' title='bbox 694 2095 778 2152; x_wconf 85' lang='lat' dir='ltr'><strong>Mem.</strong></span> <span class='ocrx_word' id='word_1_112' title='bbox 798 2097 820 2151; x_wconf 93' lang='lat' dir='ltr'><strong>l.</strong></span> <span class='ocrx_word' id='word_1_113' title='bbox 835 2101 861 2151; x_wconf 86' lang='lat'><strong>2.</strong></span> <span class='ocrx_word' id='word_1_114' title='bbox 877 2102 920 2152; x_wconf 82' lang='lat'><strong>60.</strong></span> <span class='ocrx_word' id='word_1_115' title='bbox 959 2096 1120 2153; x_wconf 82' lang='lat' dir='ltr'><strong>Schneider.</strong></span> <span class='ocrx_word' id='word_1_116' title='bbox 1141 2102 1175 2153; x_wconf 90' lang='lat' dir='ltr'><strong>ad</strong></span> 
     </span>
     <span class='ocr_line' id='line_1_17' title="bbox 216 2179 1173 2277; baseline 0.001 -18"><span class='ocrx_word' id='word_1_117' title='bbox 216 2202 298 2259; x_wconf 89' lang='lat' dir='ltr'><strong>Mem.</strong></span> <span class='ocrx_word' id='word_1_118' title='bbox 318 2200 354 2256; x_wconf 90' lang='lat' dir='ltr'><strong>ll.</strong></span> <span class='ocrx_word' id='word_1_119' title='bbox 377 2204 399 2255; x_wconf 94' lang='grc'><strong>1.</strong></span> <span class='ocrx_word' id='word_1_120' title='bbox 421 2203 446 2255; x_wconf 96' lang='grc'><strong>1.</strong></span> <span class='ocrx_word' id='word_1_121' title='bbox 487 2199 578 2257; x_wconf 87' lang='lat' dir='ltr'><strong>Minus</strong></span> <span class='ocrx_word' id='word_1_122' title='bbox 598 2220 631 2256; x_wconf 86' lang='lat' dir='ltr'><strong>ea</strong></span> <span class='ocrx_word' id='word_1_123' title='bbox 649 2203 774 2274; x_wconf 82' lang='lat' dir='ltr'><strong>placent,</strong></span> <span class='ocrx_word' id='word_1_124' title='bbox 800 2179 869 2276; x_wconf 91' lang='lat' dir='ltr'><strong>quae</strong></span> <span class='ocrx_word' id='word_1_125' title='bbox 889 2202 977 2258; x_wconf 84' lang='lat' dir='ltr'><strong>Orelli</strong></span> <span class='ocrx_word' id='word_1_126' title='bbox 995 2205 1173 2277; x_wconf 79' lang='lat' dir='ltr'><strong>protertep.</strong></span> 
     </span>
     <span class='ocr_line' id='line_1_18' title="bbox 217 2306 1175 2384; baseline -0.002 -17"><span class='ocrx_word' id='word_1_127' title='bbox 217 2310 295 2367; x_wconf 91' lang='lat' dir='ltr'><strong>Socr.</strong></span> <span class='ocrx_word' id='word_1_128' title='bbox 314 2331 341 2382; x_wconf 95' lang='lat' dir='ltr'><strong>p.</strong></span> <span class='ocrx_word' id='word_1_129' title='bbox 360 2310 488 2383; x_wconf 59' lang='grc'><strong>2541-</strong></span> <span class='ocrx_word' id='word_1_130' title='bbox 530 2307 619 2364; x_wconf 91' lang='lat' dir='ltr'><strong>Venio</strong></span> <span class='ocrx_word' id='word_1_131' title='bbox 641 2326 714 2364; x_wconf 89' lang='lat' dir='ltr'><strong>nunc</strong></span> <span class='ocrx_word' id='word_1_132' title='bbox 740 2306 983 2364; x_wconf 86' lang='lat' dir='ltr'><strong>adPlatonem.</strong></span> <span class='ocrx_word' id='word_1_133' title='bbox 1022 2308 1175 2384; x_wconf 85' lang='lat' dir='ltr'><strong>Quiquani</strong></span> 
     </span>
     <span class='ocr_line' id='line_1_19' title="bbox 217 2413 1175 2489; baseline 0 -18"><span class='ocrx_word' id='word_1_134' title='bbox 217 2418 339 2471; x_wconf 81' lang='lat' dir='ltr'><strong>diversus</strong></span> <span class='ocrx_word' id='word_1_135' title='bbox 360 2417 393 2469; x_wconf 90' lang='lat' dir='ltr'><strong>ab</strong></span> <span class='ocrx_word' id='word_1_136' title='bbox 411 2414 553 2486; x_wconf 88' lang='lat' dir='ltr'><strong>Aristippo</strong></span> <span class='ocrx_word' id='word_1_137' title='bbox 573 2413 669 2479; x_wconf 86' lang='lat' dir='ltr'><strong>luerit,</strong></span> <span class='ocrx_word' id='word_1_138' title='bbox 688 2434 772 2487; x_wconf 91' lang='lat' dir='ltr'><strong>quum</strong></span> <span class='ocrx_word' id='word_1_139' title='bbox 792 2433 825 2469; x_wconf 86' lang='lat' dir='ltr'><strong>ex</strong></span> <span class='ocrx_word' id='word_1_140' title='bbox 843 2417 876 2469; x_wconf 88' lang='lat' dir='ltr'><strong>iis</strong></span> <span class='ocrx_word' id='word_1_141' title='bbox 897 2416 1086 2485; x_wconf 75' lang='lat' dir='ltr'><strong>cognoscitur,</strong></span> <span class='ocrx_word' id='word_1_142' title='bbox 1105 2435 1175 2489; x_wconf 91' lang='lat' dir='ltr'><strong>quae</strong></span> 
     </span>
    </p>
   </div>
   <div class='ocr_carea' id='block_1_5' title="bbox 217 2498 1175 2593">
    <p class='ocr_par' dir='ltr' id='par_1_5' title="bbox 217 2498 1175 2593">
     <span class='ocr_line' id='line_1_20' title="bbox 217 2498 1175 2593; baseline 0 -18"><span class='ocrx_word' id='word_1_143' title='bbox 217 2530 313 2593; x_wconf 85' lang='lat' dir='ltr'><strong>postea</strong></span> <span class='ocrx_word' id='word_1_144' title='bbox 339 2541 353 2575; x_wconf 88' lang='lat' dir='ltr'><strong>a</strong></span> <span class='ocrx_word' id='word_1_145' title='bbox 380 2521 460 2574; x_wconf 89' lang='lat' dir='ltr'><strong>nohis</strong></span> <span class='ocrx_word' id='word_1_146' title='bbox 479 2520 627 2574; x_wconf 80' lang='lat' dir='ltr'><strong>afferentur</strong></span> <span class='ocrx_word' id='word_1_147' title='bbox 647 2498 709 2592; x_wconf 68' lang='lat' dir='ltr'><strong>tvidss</strong></span> <span class='ocrx_word' id='word_1_148' title='bbox 730 2539 757 2591; x_wconf 91' lang='lat' dir='ltr'><strong>p.</strong></span> <span class='ocrx_word' id='word_1_149' title='bbox 780 2522 815 2574; x_wconf 85' lang='grc'><strong>67</strong></span> <span class='ocrx_word' id='word_1_150' title='bbox 834 2529 890 2574; x_wconf 91' lang='lat' dir='ltr'><strong>not.</strong></span> <span class='ocrx_word' id='word_1_151' title='bbox 913 2520 946 2593; x_wconf 89' lang='grc'><strong>1),</strong></span> <span class='ocrx_word' id='word_1_152' title='bbox 966 2530 1023 2575; x_wconf 88' lang='lat' dir='ltr'><strong>tum</strong></span> <span class='ocrx_word' id='word_1_153' title='bbox 1043 2539 1076 2575; x_wconf 87' lang='lat' dir='ltr'><strong>ex</strong></span> <span class='ocrx_word' id='word_1_154' title='bbox 1092 2523 1175 2588; x_wconf 85' lang='lat' dir='ltr'><strong>varia,</strong></span> 
     </span>
    </p>
   </div>
   <div class='ocr_carea' id='block_1_6' title="bbox 217 2624 1177 2805">
    <p class='ocr_par' dir='ltr' id='par_1_6' title="bbox 217 2624 1177 2805">
     <span class='ocr_line' id='line_1_21' title="bbox 217 2624 1176 2701; baseline 0 -20"><span class='ocrx_word' id='word_1_155' title='bbox 217 2647 297 2701; x_wconf 88' lang='lat' dir='ltr'><strong>quam</strong></span> <span class='ocrx_word' id='word_1_156' title='bbox 324 2637 441 2699; x_wconf 89' lang='lat' dir='ltr'><strong>uterque</strong></span> <span class='ocrx_word' id='word_1_157' title='bbox 466 2628 595 2681; x_wconf 81' lang='lat' dir='ltr'><strong>adversus</strong></span> <span class='ocrx_word' id='word_1_158' title='bbox 627 2626 787 2681; x_wconf 89' lang='lat' dir='ltr'><strong>moriturum</strong></span> <span class='ocrx_word' id='word_1_159' title='bbox 813 2624 954 2680; x_wconf 76' lang='lat' dir='ltr'><strong>Socratem</strong></span> <span class='ocrx_word' id='word_1_160' title='bbox 983 2626 1176 2692; x_wconf 82' lang='lat' dir='ltr'><strong>adhibuerunt,</strong></span> 
     </span>
     <span class='ocr_line' id='line_1_22' title="bbox 218 2730 1177 2805; baseline -0.004 -17"><span class='ocrx_word' id='word_1_161' title='bbox 218 2734 315 2805; x_wconf 83' lang='lat' dir='ltr'><strong>agendi</strong></span> <span class='ocrx_word' id='word_1_162' title='bbox 335 2734 450 2787; x_wconf 85' lang='lat' dir='ltr'><strong>ratione.</strong></span> <span class='ocrx_word' id='word_1_163' title='bbox 488 2731 542 2798; x_wconf 82' lang='lat' dir='ltr'><strong>Qut</strong></span> <span class='ocrx_word' id='word_1_164' title='bbox 561 2750 616 2805; x_wconf 91' lang='lat' dir='ltr'><strong>quo</strong></span> <span class='ocrx_word' id='word_1_165' title='bbox 636 2742 760 2802; x_wconf 83' lang='lat' dir='ltr'><strong>tempore</strong></span> <span class='ocrx_word' id='word_1_166' title='bbox 771 2740 886 2785; x_wconf 86' lang='lat' dir='ltr'><strong>mortem</strong></span> <span class='ocrx_word' id='word_1_167' title='bbox 905 2732 1089 2802; x_wconf 84' lang='lat' dir='ltr'><strong>exspectabat,</strong></span> <span class='ocrx_word' id='word_1_168' title='bbox 1107 2730 1177 2784; x_wconf 88' lang='lat' dir='ltr'><strong>Ari-</strong></span> 
     </span>
    </p>
   </div>
   <div class='ocr_carea' id='block_1_7' title="bbox 123 2836 1177 2912">
    <p class='ocr_par' dir='ltr' id='par_1_7' title="bbox 123 2836 1177 2912">
     <span class='ocr_line' id='line_1_23' title="bbox 123 2836 1177 2912; baseline -0.006 -17"><span class='ocrx_word' id='word_1_169' title='bbox 123 2898 124 2901; x_wconf 53' lang='lat'><strong>,</strong></span> <span class='ocrx_word' id='word_1_170' title='bbox 218 2841 322 2912; x_wconf 91' lang='lat' dir='ltr'><strong>stippus</strong></span> <span class='ocrx_word' id='word_1_171' title='bbox 341 2839 452 2911; x_wconf 90' lang='lat' dir='ltr'><strong>quidem</strong></span> <span class='ocrx_word' id='word_1_172' title='bbox 470 2839 653 2908; x_wconf 83' lang='lat' dir='ltr'><strong>voluptatibus</strong></span> <span class='ocrx_word' id='word_1_173' title='bbox 674 2836 703 2891; x_wconf 85' lang='lat' dir='ltr'><strong>&#39;se</strong></span> <span class='ocrx_word' id='word_1_174' title='bbox 723 2838 806 2891; x_wconf 86' lang='lat' dir='ltr'><strong>dedit.</strong></span> <span class='ocrx_word' id='word_1_175' title='bbox 833 2836 877 2909; x_wconf 83' lang='lat' dir='ltr'><strong>(cl.</strong></span> <span class='ocrx_word' id='word_1_176' title='bbox 893 2855 919 2907; x_wconf 86' lang='lat' dir='ltr'><strong>p.</strong></span> <span class='ocrx_word' id='word_1_177' title='bbox 933 2838 1037 2891; x_wconf 82' lang='lat' dir='ltr'><strong>48uot.</strong></span> <span class='ocrx_word' id='word_1_178' title='bbox 1052 2838 1078 2890; x_wconf 82' lang='lat'><strong>2.</strong></span> <span class='ocrx_word' id='word_1_179' title='bbox 1099 2838 1177 2909; x_wconf 83' lang='lat' dir='ltr'><strong>seq),</strong></span> 
     </span>
    </p>
   </div>
   <div class='ocr_carea' id='block_1_8' title="bbox 129 2924 1179 3201">
    <p class='ocr_par' dir='ltr' id='par_1_8' title="bbox 129 2924 1179 3201">
     <span class='ocr_line' id='line_1_24' title="bbox 129 2924 1177 3013; baseline -0.006 -12"><span class='ocrx_word' id='word_1_180' title='bbox 129 2978 133 2982; x_wconf 58' lang='lat'>&gt;</span> <span class='ocrx_word' id='word_1_181' title='bbox 220 2946 296 3000; x_wconf 87' lang='lat' dir='ltr'><strong>Plato</strong></span> <span class='ocrx_word' id='word_1_182' title='bbox 316 2955 407 3000; x_wconf 86' lang='lat' dir='ltr'><strong>autem</strong></span> <span class='ocrx_word' id='word_1_183' title='bbox 427 2954 501 2999; x_wconf 89' lang='lat' dir='ltr'><strong>tanto</strong></span> <span class='ocrx_word' id='word_1_184' title='bbox 522 2944 616 2997; x_wconf 92' lang='lat' dir='ltr'><strong>dolore</strong></span> <span class='ocrx_word' id='word_1_185' title='bbox 637 2945 751 2997; x_wconf 85' lang='lat' dir='ltr'><strong>affectus</strong></span> <span class='ocrx_word' id='word_1_186' title='bbox 766 2924 854 2996; x_wconf 84' lang='lat' dir='ltr'><strong>luisse</strong></span> <span class='ocrx_word' id='word_1_187' title='bbox 873 2943 994 3007; x_wconf 83' lang='lat' dir='ltr'><strong>ridetur,</strong></span> <span class='ocrx_word' id='word_1_188' title='bbox 1020 2952 1050 2997; x_wconf 92' lang='lat' dir='ltr'><strong>ut</strong></span> <span class='ocrx_word' id='word_1_189' title='bbox 1069 2943 1177 3013; x_wconf 81' lang='lat' dir='ltr'><strong>gravis-</strong></span> 
     </span>
     <span class='ocr_line' id='line_1_25' title="bbox 218 3035 1178 3111; baseline -0.003 -18"><span class='ocrx_word' id='word_1_190' title='bbox 218 3041 287 3093; x_wconf 89' lang='lat' dir='ltr'><strong>simo</strong></span> <span class='ocrx_word' id='word_1_191' title='bbox 306 3039 423 3111; x_wconf 87' lang='lat' dir='ltr'><strong>quodam</strong></span> <span class='ocrx_word' id='word_1_192' title='bbox 442 3037 538 3091; x_wconf 90' lang='lat' dir='ltr'><strong>morho</strong></span> <span class='ocrx_word' id='word_1_193' title='bbox 558 3037 752 3107; x_wconf 84' lang='lat' dir='ltr'><strong>corriperetur.</strong></span> <span class='ocrx_word' id='word_1_194' title='bbox 784 3035 868 3102; x_wconf 78' lang='lat' dir='ltr'><strong>Quae</strong></span> <span class='ocrx_word' id='word_1_195' title='bbox 880 3054 963 3108; x_wconf 92' lang='lat' dir='ltr'><strong>quum</strong></span> <span class='ocrx_word' id='word_1_196' title='bbox 982 3038 1019 3090; x_wconf 87' lang='lat' dir='ltr'><strong>ita</strong></span> <span class='ocrx_word' id='word_1_197' title='bbox 1038 3038 1101 3101; x_wconf 90' lang='lat' dir='ltr'><strong>sint,</strong></span> <span class='ocrx_word' id='word_1_198' title='bbox 1122 3039 1178 3090; x_wconf 90' lang='lat' dir='ltr'><strong>mi-</strong></span> 
     </span>
     <span class='ocr_line' id='line_1_26' title="bbox 220 3126 1179 3201; baseline 0 -18"><span class='ocrx_word' id='word_1_199' title='bbox 220 3149 279 3185; x_wconf 89' lang='lat' dir='ltr'><strong>rum</strong></span> <span class='ocrx_word' id='word_1_200' title='bbox 296 3130 383 3184; x_wconf 83' lang='lat' dir='ltr'><strong>rideri</strong></span> <span class='ocrx_word' id='word_1_201' title='bbox 402 3139 501 3201; x_wconf 84' lang='lat' dir='ltr'><strong>potest,</strong></span> <span class='ocrx_word' id='word_1_202' title='bbox 521 3128 586 3200; x_wconf 91' lang='lat' dir='ltr'><strong>quid</strong></span> <span class='ocrx_word' id='word_1_203' title='bbox 605 3128 647 3191; x_wconf 79' lang='lat' dir='ltr'><strong>sit,</strong></span> <span class='ocrx_word' id='word_1_204' title='bbox 667 3128 741 3199; x_wconf 92' lang='lat' dir='ltr'><strong>quod</strong></span> <span class='ocrx_word' id='word_1_205' title='bbox 760 3137 788 3181; x_wconf 84' lang='lat' dir='ltr'><strong>et</strong></span> <span class='ocrx_word' id='word_1_206' title='bbox 805 3126 962 3198; x_wconf 89' lang='lat' dir='ltr'><strong>Aristippus</strong></span> <span class='ocrx_word' id='word_1_207' title='bbox 982 3146 997 3181; x_wconf 87' lang='lat' dir='ltr'><strong>a</strong></span> <span class='ocrx_word' id='word_1_208' title='bbox 1015 3126 1130 3182; x_wconf 88' lang='lat' dir='ltr'><strong>Platone</strong></span> <span class='ocrx_word' id='word_1_209' title='bbox 1150 3139 1179 3184; x_wconf 93' lang='lat' dir='ltr'><strong>et</strong></span> 
     </span>
    </p>
   </div>
   <div class='ocr_carea' id='block_1_9' title="bbox 217 3226 1181 3940">
    <p class='ocr_par' dir='ltr' id='par_1_9' title="bbox 217 3226 1181 3940">
     <span class='ocr_line' id='line_1_27' title="bbox 219 3226 1177 3307; baseline -0.006 -15"><span class='ocrx_word' id='word_1_210' title='bbox 219 3237 296 3292; x_wconf 84' lang='lat' dir='ltr'><strong>Plato</strong></span> <span class='ocrx_word' id='word_1_211' title='bbox 322 3239 355 3292; x_wconf 86' lang='lat' dir='ltr'><strong>ah</strong></span> <span class='ocrx_word' id='word_1_212' title='bbox 380 3235 522 3307; x_wconf 88' lang='lat' dir='ltr'><strong>Aristippo</strong></span> <span class='ocrx_word' id='word_1_213' title='bbox 547 3251 751 3304; x_wconf 87' lang='lat' dir='ltr'><strong>nonnumquam</strong></span> <span class='ocrx_word' id='word_1_214' title='bbox 773 3233 942 3303; x_wconf 78' lang='lat' dir='ltr'><strong>vituperatus</strong></span> <span class='ocrx_word' id='word_1_215' title='bbox 967 3233 1011 3287; x_wconf 81' lang='lat' dir='ltr'><strong>sit.</strong></span> <span class='ocrx_word' id='word_1_216' title='bbox 1061 3226 1177 3286; x_wconf 74' lang='lat' dir='ltr'><strong>Ar&#39;istot.</strong></span> 
     </span>
     <span class='ocr_line' id='line_1_28' title="bbox 218 3337 1179 3412; baseline -0.007 -15"><span class='ocrx_word' id='word_1_217' title='bbox 218 3342 332 3397; x_wconf 81' lang='lat' dir='ltr'><strong>Rhetor.</strong></span> <span class='ocrx_word' id='word_1_218' title='bbox 352 3339 385 3395; x_wconf 83' lang='lat' dir='ltr'><strong>B.</strong></span> <span class='ocrx_word' id='word_1_219' title='bbox 404 3341 449 3394; x_wconf 82' lang='lat'><strong>23.</strong></span> <span class='ocrx_word' id='word_1_220' title='bbox 469 3341 483 3406; x_wconf 87' lang='grc' dir='ltr'><strong><em>ἢ</em></strong></span> <span class='ocrx_word' id='word_1_221' title='bbox 509 3340 547 3400; x_wconf 74' lang='grc' dir='ltr'><strong>ὥς</strong></span> <span class='ocrx_word' id='word_1_222' title='bbox 562 3340 727 3412; x_wconf 74' lang='grc' dir='ltr'><strong><em>Ἀρίστιππος</em></strong></span> <span class='ocrx_word' id='word_1_223' title='bbox 749 3337 818 3407; x_wconf 81' lang='grc' dir='ltr'><strong><em>πρὸς</em></strong></span> <span class='ocrx_word' id='word_1_224' title='bbox 836 3337 965 3390; x_wconf 72' lang='grc' dir='ltr'><em>Πλάτωνα</em></span> <span class='ocrx_word' id='word_1_225' title='bbox 989 3338 1179 3409; x_wconf 70' lang='grc' dir='ltr'><strong>ἐπαγγελτικώ-</strong></span> 
     </span>
     <span class='ocr_line' id='line_1_29' title="bbox 217 3441 1179 3519; baseline -0.003 -20"><span class='ocrx_word' id='word_1_226' title='bbox 217 3448 292 3519; x_wconf 62' lang='grc' dir='ltr'><strong>πικρόν</strong></span> <span class='ocrx_word' id='word_1_227' title='bbox 304 3467 325 3498; x_wconf 83' lang='lat' dir='ltr'><strong>n</strong></span> <span class='ocrx_word' id='word_1_228' title='bbox 338 3446 451 3508; x_wconf 70' lang='lat' dir='ltr'><strong>alardum,</strong></span> <span class='ocrx_word' id='word_1_229' title='bbox 471 3444 507 3505; x_wconf 74' lang='lat' dir='ltr'><strong>cic</strong></span> <span class='ocrx_word' id='word_1_230' title='bbox 522 3445 597 3516; x_wconf 68' lang='lat' dir='ltr'><strong>qderc·</strong></span> <span class='ocrx_word' id='word_1_231' title='bbox 617 3444 683 3501; x_wconf 69' lang='lat' dir='ltr'><strong>otta</strong></span> <span class='ocrx_word' id='word_1_232' title='bbox 694 3445 750 3517; x_wconf 68' lang='grc' dir='ltr'><strong>μὴν</strong></span> <span class='ocrx_word' id='word_1_233' title='bbox 763 3441 801 3515; x_wconf 76' lang='grc' dir='ltr'><strong>ὅγ’</strong></span> <span class='ocrx_word' id='word_1_234' title='bbox 816 3444 919 3515; x_wconf 69' lang='grc' dir='ltr'><em>ἑταῖρος</em></span> <span class='ocrx_word' id='word_1_235' title='bbox 937 3443 1013 3514; x_wconf 72' lang='grc' dir='ltr'><strong>ἡμῶν</strong></span> <span class='ocrx_word' id='word_1_236' title='bbox 1032 3444 1110 3497; x_wconf 74' lang='grc' dir='ltr'><em>οὐδὲν</em></span> <span class='ocrx_word' id='word_1_237' title='bbox 1127 3462 1179 3497; x_wconf 70' lang='grc' dir='ltr'><strong>τοι·Ι</strong></span> 
     </span>
     <span class='ocr_line' id='line_1_30' title="bbox 217 3546 1178 3623; baseline -0.004 -16"><span class='ocrx_word' id='word_1_238' title='bbox 217 3555 300 3617; x_wconf 65' lang='lat' dir='ltr'><strong>circu,</strong></span> <span class='ocrx_word' id='word_1_239' title='bbox 320 3554 405 3623; x_wconf 78' lang='grc' dir='ltr'><em>λέγων</em></span> <span class='ocrx_word' id='word_1_240' title='bbox 421 3551 466 3604; x_wconf 82' lang='grc' dir='ltr'><strong>τὸν</strong></span> <span class='ocrx_word' id='word_1_241' title='bbox 477 3551 627 3622; x_wconf 78' lang='grc' dir='ltr'><strong>Σωκράτην.</strong></span> <span class='ocrx_word' id='word_1_242' title='bbox 647 3549 683 3603; x_wconf 89' lang='lat' dir='ltr'><strong>cl.</strong></span> <span class='ocrx_word' id='word_1_243' title='bbox 693 3546 1006 3618; x_wconf 80' lang='lat' dir='ltr'><strong>&#39;Sotio.&#39;etNegesandr.</strong></span> <span class='ocrx_word' id='word_1_244' title='bbox 1019 3566 1046 3619; x_wconf 93' lang='lat' dir='ltr'><strong>p.</strong></span> <span class='ocrx_word' id='word_1_245' title='bbox 1059 3549 1095 3603; x_wconf 86' lang='grc'><strong>38</strong></span> <span class='ocrx_word' id='word_1_246' title='bbox 1107 3566 1134 3600; x_wconf 92' lang='lat' dir='ltr'><strong>n.</strong></span> <span class='ocrx_word' id='word_1_247' title='bbox 1151 3549 1178 3603; x_wconf 89' lang='lat'><strong>1.</strong></span> 
     </span>
     <span class='ocr_line' id='line_1_31' title="bbox 219 3653 1179 3729; baseline 0 -20"><span class='ocrx_word' id='word_1_248' title='bbox 219 3654 315 3729; x_wconf 90' lang='lat' dir='ltr'><strong>Neque</strong></span> <span class='ocrx_word' id='word_1_249' title='bbox 339 3674 405 3713; x_wconf 84' lang='lat' dir='ltr'><strong>vero</strong></span> <span class='ocrx_word' id='word_1_250' title='bbox 431 3655 501 3709; x_wconf 89' lang='lat' dir='ltr'><strong>hanc</strong></span> <span class='ocrx_word' id='word_1_251' title='bbox 526 3655 561 3709; x_wconf 92' lang='lat' dir='ltr'><strong>oh</strong></span> <span class='ocrx_word' id='word_1_252' title='bbox 587 3672 709 3710; x_wconf 82' lang='lat' dir='ltr'><strong>caussam</strong></span> <span class='ocrx_word' id='word_1_253' title='bbox 726 3665 784 3710; x_wconf 77' lang='lat' dir='ltr'><strong>&#39;aut</strong></span> <span class='ocrx_word' id='word_1_254' title='bbox 800 3653 879 3709; x_wconf 86' lang='lat' dir='ltr'><strong>Plato</strong></span> <span class='ocrx_word' id='word_1_255' title='bbox 904 3673 956 3726; x_wconf 73' lang='lat' dir='ltr'><strong>ppo</strong></span> <span class='ocrx_word' id='word_1_256' title='bbox 982 3653 1179 3709; x_wconf 87' lang='lat' dir='ltr'><strong>calumniatore</strong></span> 
     </span>
     <span class='ocr_line' id='line_1_32' title="bbox 219 3756 1180 3835; baseline -0.004 -21"><span class='ocrx_word' id='word_1_257' title='bbox 219 3763 408 3835; x_wconf 80' lang='lat' dir='ltr'><strong>invidiosoque</strong></span> <span class='ocrx_word' id='word_1_258' title='bbox 427 3762 537 3817; x_wconf 85' lang='lat' dir='ltr'><strong>homine</strong></span> <span class='ocrx_word' id='word_1_259' title='bbox 557 3762 699 3817; x_wconf 84' lang='lat' dir='ltr'><strong>habendus</strong></span> <span class='ocrx_word' id='word_1_260' title='bbox 717 3770 761 3816; x_wconf 86' lang='lat' dir='ltr'><strong>est</strong></span> <span class='ocrx_word' id='word_1_261' title='bbox 779 3793 812 3802; x_wconf 88' lang='lat'>—</span> <span class='ocrx_word' id='word_1_262' title='bbox 832 3762 905 3833; x_wconf 92' lang='lat' dir='ltr'><strong>quod</strong></span> <span class='ocrx_word' id='word_1_263' title='bbox 924 3760 1050 3814; x_wconf 77' lang='lat' dir='ltr'><strong>facerunt</strong></span> <span class='ocrx_word' id='word_1_264' title='bbox 1066 3756 1180 3811; x_wconf 87' lang='lat' dir='ltr'><strong>Idome-</strong></span> 
     </span>
     <span class='ocr_line' id='line_1_33' title="bbox 220 3864 1181 3940; baseline -0.007 -18"><span class='ocrx_word' id='word_1_265' title='bbox 220 3884 303 3934; x_wconf 82' lang='lat' dir='ltr'><strong>neus,</strong></span> <span class='ocrx_word' id='word_1_266' title='bbox 336 3868 506 3933; x_wconf 85' lang='lat' dir='ltr'><strong>Demctrius,</strong></span> <span class='ocrx_word' id='word_1_267' title='bbox 536 3867 732 3940; x_wconf 79' lang='lat' dir='ltr'><strong>Hegestnder,</strong></span> <span class='ocrx_word' id='word_1_268' title='bbox 757 3865 898 3937; x_wconf 82' lang='lat' dir='ltr'><strong>Diogenes</strong></span> <span class='ocrx_word' id='word_1_269' title='bbox 924 3864 1049 3919; x_wconf 88' lang='lat' dir='ltr'><strong>Laertius</strong></span> <span class='ocrx_word' id='word_1_270' title='bbox 1075 3894 1109 3902; x_wconf 90' lang='lat'>-</span> <span class='ocrx_word' id='word_1_271' title='bbox 1134 3872 1181 3916; x_wconf 90' lang='lat' dir='ltr'><strong>aut</strong></span> 
     </span>
    </p>
   </div>
   <div class='ocr_carea' id='block_1_10' title="bbox 220 3967 1181 4044">
    <p class='ocr_par' dir='ltr' id='par_1_10' title="bbox 220 3967 1181 4044">
     <span class='ocr_line' id='line_1_34' title="bbox 220 3967 1181 4044; baseline -0.009 -17"><span class='ocrx_word' id='word_1_272' title='bbox 220 3977 330 4028; x_wconf 87' lang='lat' dir='ltr'><strong>omnino</strong></span> <span class='ocrx_word' id='word_1_273' title='bbox 358 3976 445 4044; x_wconf 79' lang='lat' dir='ltr'><strong>gravis</strong></span> <span class='ocrx_word' id='word_1_274' title='bbox 470 3975 612 4028; x_wconf 87' lang='lat' dir='ltr'><strong>inimicitia</strong></span> <span class='ocrx_word' id='word_1_275' title='bbox 631 3976 704 4030; x_wconf 84' lang='lat' dir='ltr'><strong>inter</strong></span> <span class='ocrx_word' id='word_1_276' title='bbox 722 3982 868 4043; x_wconf 87' lang='lat' dir='ltr'><strong>utrumque</strong></span> <span class='ocrx_word' id='word_1_277' title='bbox 887 3968 1080 4042; x_wconf 86' lang='lat' dir='ltr'><strong>philosophum</strong></span> <span class='ocrx_word' id='word_1_278' title='bbox 1098 3967 1181 4020; x_wconf 85' lang='lat' dir='ltr'><strong>vide-</strong></span> 
     </span>
    </p>
   </div>
   <div class='ocr_carea' id='block_1_11' title="bbox 901 4069 952 4134">
    <p class='ocr_par' dir='ltr' id='par_1_11' title="bbox 901 4069 952 4134">
     <span class='ocr_line' id='line_1_35' title="bbox 901 4069 952 4134; baseline 0 -28"><span class='ocrx_word' id='word_1_279' title='bbox 901 4069 952 4134; x_wconf 65' lang='grc'><strong>4*</strong></span> 
     </span>
    </p>
   </div>
   <div class='ocr_carea' id='block_1_12' title="bbox 0 0 1456 4625">
    <p class='ocr_par' dir='ltr' id='par_1_12' title="bbox 0 0 1456 4625">
     <span class='ocr_line' id='line_1_36' title="bbox 0 0 1456 4625; baseline 0 0"><span class='ocrx_word' id='word_1_280' title='bbox 0 0 1456 4625; x_wconf 95' lang='lat' dir='ltr'><strong> </strong></span> 
     </span>
    </p>
   </div>
  </div>
 </body>
</html>
