2884 4625
716 273 767 346 50

268 495 421 577 putandus
445 496 494 558 sit
538 493 659 556 Etenim
681 494 706 556 si
723 494 886 556 Athenaeo
910 501 941 556 et
962 494 1080 556 auctori
1106 493 1228 574 epistol.

268 635 387 699 Socrat.
415 633 463 697 16.
487 634 564 699 iides
588 634 729 697 habenda
754 643 816 718 est,
839 634 1012 716 Aristippus
1044 653 1135 715 quum
1158 635 1227 700 aliis

267 776 475 856 temporibus,
504 783 567 838 tum
586 794 625 838 eo
648 784 807 858 tempore,
838 794 900 856 quo
927 775 1073 840 Socrates
1096 782 1226 838 mortem

267 916 482 997 exspectabat,
518 934 554 978 re
583 934 657 978 vera
689 916 739 978 illa
773 918 803 977 iu
830 915 929 979 insula
958 922 1101 977 versatus
1125 923 1174 978 est
1194 916 1224 1000 ¹),

265 1058 353 1139 cujus
374 1056 496 1118 incolae
529 1062 656 1136 propter
686 1056 894 1119 mollissimam
921 1055 1045 1119 vivendi
1074 1057 1224 1118 rationem

266 1196 344 1259 male
377 1195 542 1260 audiebant
550 1194 583 1278 2).
641 1193 727 1267 Quae
758 1215 850 1275 quum
879 1197 920 1259 ita
944 1195 1020 1275 siut,
1044 1194 1127 1257 Plato
1150 1192 1225 1255 nihil

265 1329 412 1418 prodidit,
441 1337 500 1398 nisi
523 1333 604 1415 quod
627 1352 661 1396 re
684 1353 759 1398 vera
783 1334 896 1398 iactum
918 1342 982 1414 est;
1006 1333 1223 1415 atquehuma-

265 1476 345 1537 nitas
367 1474 518 1555 quandam
543 1493 579 1536 aa
609 1476 640 1535 iu
668 1493 702 1536 re
724 1476 919 1557 intelligitur,
960 1474 1043 1555 quod
1077 1475 1222 1555 Aristippi

266 1616 379 1698 agendi
407 1617 558 1678 rationem
588 1633 651 1677 nou
681 1622 742 1677 tam
767 1618 891 1680 uberius
922 1614 1099 1695 explicavit,
1132 1631 1221 1693 quam

266 1757 372 1838 paucis
394 1755 498 1819 verbis
522 1754 713 1835 significavit.

329 1899 397 1960 Jam
419 1895 495 1959 vero
519 1898 584 1976 ipsa
608 1913 659 1958 res
682 1912 740 1956 nos
763 1910 802 1955 eo
832 1892 975 1976 deduxit,
1006 1901 1039 1955 ut
1064 1911 1221 1973 quaeren-

265 2040 337 2103 dum
358 2038 515 2119 videatur„
547 2055 606 2117 qua
630 2044 733 2098 mente
759 2035 931 2116 Aristippus
954 2036 984 2096 in
1010 2043 1134 2097 ceteros
1158 2034 1221 2096 So-

267 2183 358 2243 cratis
389 2177 558 2258 discipulos
586 2177 718 2239 imbutus
752 2176 843 2238 luerit
865 2174 897 2259 ὅ).
951 2174 1070 2237 Etenim
1099 2174 1221 2255 multae,

269 2322 544 2339 w

320 2403 344 2477 1)
363 2400 465 2457 Athen.
484 2401 549 2457 XII.
568 2406 630 2460 544.
668 2408 797 2476 Διέτριβειι
815 2406 829 2458 ὃ
846 2405 1009 2474 nemancos
1031 2403 1062 2456 τὰ
1085 2404 1170 2456 πολλὰ
1193 2406 1223 2455 ἐν

264 2511 358 2580 Aiyirp
381 2510 489 2581 τροφῶιὶ
513 2509 557 2562 διὸ
579 2510 626 2562 καλ
653 2510 666 2562 ὅ
686 2511 814 2579 Ξενοφῶν
837 2512 867 2562 ἐν
882 2514 936 2569 τοῖς
956 2508 1223 2580 Ἀπομνημονεύμασί

265 2632 345 2684 φησιν
364 2612 401 2666 ὅτι
418 2613 544 2674 πολλάκις
561 2617 692 2668 ἐνουθέτει
716 2616 795 2669 αὐτὸν
814 2616 828 2667 ὃ
847 2615 996 2684 Σωκράτης.
1032 2616 1079 2669 καὶ
1095 2616 1139 2680 τὴν
1155 2613 1221 2679 ἦθο-

263 2723 356 2775 ποῖλοιν
367 2718 471 2780 πλάσας
487 2720 529 2784 τῆς
543 2719 640 2788 Ἀριτῆς
657 2721 704 2772 κοιλ
714 2722 757 2786 τῆς
764 2720 873 2785 Ἡδονῆς
890 2720 996 2790 ελςῆγεν.
1016 2720 1079 2774 588.
1094 2720 1221 2791 Ἀρίστιπ-

262 2844 315 2886 πος
332 2825 360 2878 δι’
377 2826 443 2878 κατὰ
459 2828 513 2885 ἔτος
532 2826 717 2898 οονδιημέρουε
743 2827 824 2880 Λαΐδι
847 2829 875 2878 ἐν
893 2828 988 2897 Αἰγίνῃ
1011 2830 1066 2886 τοῖς
1086 2829 1221 2880 Ποσειδω-

260 2936 340 2992 cioca.

317 3037 343 3112 2)
364 3036 406 3092 De
425 3038 530 3092 luxuria
548 3037 744 3109 Aeginetarum
762 3040 816 3092 rid.
837 3035 935 3092 Odoin.
948 3035 1077 3101 Muellen‘
1095 3036 1222 3108 Aegina-

265 3145 318 3199 tica
336 3143 366 3217 S
387 3146 413 3198 6.
432 3144 480 3197 ubi
499 3117 580 3197 etiam
598 3144 680 3198 rerba
699 3144 746 3198 illa
759 3141 976 3212 Pseudaristippi
995 3139 1032 3203 ὥς
1048 3145 1128 3214 λομεν,
1144 3152 1221 3197 recte

265 3249 444 3320 explicantur.

316 3354 343 3427 3)
363 3350 407 3407 De
426 3352 662 3424 Xenophonte
687 3353 757 3406 haec
775 3354 866 3409 (habet
889 3352 971 3424 Πίος.
989 3353 1020 3408 L.
1040 3350 1076 3408 11.
1096 3355 1140 3409 65.
1177 3355 1222 3409 Ξε-

264 3463 358 3531 νοφῶν
381 3480 406 3514 τε
428 3463 483 3532 εἶχε
500 3462 567 3534 πρὸς
585 3462 664 3514 αὑτὸν
682 3462 827 3532 δυσμενῶς.
865 3462 1027 3531 (Ξενοφῶντι
1044 3462 1073 3514 δὲ
1091 3464 1145 3532 εἶχε
1163 3461 1223 3520 siuc-

265 3567 367 3641 ομενολς
386 3563 503 3639 suidas).
547 3567 593 3620 Διὸ
612 3566 720 3619 καὶτὸν
737 3566 803 3618 κατὰ
821 3566 862 3631 τῆς
879 3567 973 3633 ἡδονῆς
991 3567 1073 3637 λόγον
1091 3566 1223 3637 Σωκράτει

263 3671 329 3724 κατὰ
350 3670 514 3742 Ἀριστίππου
537 3674 719 3743 περιτέθεικεν.
765 3669 879 3725 Rectius
903 3669 1062 3726 Athenaeus
1082 3671 1145 3743 (vid.
1165 3680 1221 3724 nat.

267 3774 302 3847 1.)
320 3776 367 3847 qui
391 3793 447 3829 uon
466 3773 659 3847 Xenophontis
684 3776 792 3840 odium,
817 3777 866 3830 sed
884 3777 971 3847 ipsius
989 3775 1121 3848 Aristippi
1141 3778 1224 3831 rolu-

264 3882 345 3952 ptatis
366 3882 485 3935 studium
505 3899 612 3935 causam
633 3882 717 3936 luisse
738 3882 813 3947 dicit,
832 3901 882 3937 cur
897 3881 1025 3939 Socrates
1044 3883 1113 3938 illud
1132 3884 1224 3937 collo-

1433 3966 1437 4099 l
