2884 4625
668 333 753 410 tn*

214 563 363 645 majorum
385 559 574 641 voluptatum
598 555 866 640 adipiscendarum
882 569 985 620 eausa.
1031 554 1094 619 Sed
1110 569 1171 617 na-

215 700 469 782 mansuerus,
499 713 603 780 usquo
630 688 888 778 sementaritia,
918 695 958 758 de
990 713 1048 776 qua
1069 686 1172 758 'loeuti

214 833 532 922 sumussproiribore
552 845 666 921 potest,
690 838 853 919 quominus
873 837 1059 919 universam,
1082 853 1172 917 quam

214 975 387 1061 Aristippus
411 972 583 1061 ‘Syrasusis
614 969 741 1043 secutus
776 983 841 1060 est,
877 976 991 1058 egendi
1023 978 1174 1040 rationem

215 1120 487 1185 vehementissime
508 1119 727 1201 vituperemus.
753 1127 755 1134 ⁴
779 1105 945 1197 Quidquid
963 1115 1042 1198 apud
1063 1123 1173 1197 tyran-

215 1239 274 1323 uos
297 1260 376 1341 egit,
404 1257 577 1322 arctissimo
607 1254 740 1339 quodam
769 1244 987 1319 nuculeum
1009 1254 1174 1336 voluptatis

216 1391 319 1462 studio
354 1399 553 1481 conjunctum
592 1393 690 1459 inisse
724 1387 856 1459 videtum
911 1393 1175 1468 Quemadmodum

217 1536 297 1598 euim
320 1529 410 1598 antea
434 1534 728 1617 demonstravimus,
759 1537 827 1618 ejus
849 1536 922 1598 vitia
945 1554 986 1598 ex
1007 1536 1083 1616 ipsis
1106 1535 1174 1599 vir-

216 1672 332 1736 tutihus
365 1675 640 1754 procreata-'esset
677 1676 718 1737 ita
749 1692 832 1738 nune
865 1683 1023 1757 putamus,
1057 1693 1175 1761 omnes,

142 1911 149 1920 ὓ
218 1809 295 1892 quas
317 1812 483 1894 §praemis
494 1813 644 1896 praebuit,
664 1809 797 1876 ‘virtutes
819 1813 858 1876 ab
873 1811 1030 1895 Aristippo
1048 1801 1090 1876 eo
1106 1833 1175 1879 ma·

218 1954 299 2016 xime
323 1952 453 2016 consilio
476 1953 615 2017 excultas
642 1970 731 2037 esse,
762 1961 797 2016 ut
818 1954 967 2035 majorem
989 1953 1047 2017 sibi
1069 1954 1175 2018 hono-

218 2110 300 2176 rem,
333 2091 526 2174 dignitatem,
573 2092 707 2174 denique
749 2093 937 2176 voluptatem
972 2104 1175 2176 compararet.

219 2231 306 2304 Ques
329 2232 481 2298 sententie
514 2233 540 2294 si
570 2232 620 2294 oui
647 2226 665 2294 'a
695 2245 772 2295 vero
801 2232 954 2297 recedere
976 2233 1115 2320 videtur,'
1148 2237 1177 2299 ei

219 2373 460 2455 respondemus,
499 2390 567 2435 eam
604 2374 694 2454 quain
729 2370 903 2456 Aristippus
934 2383 1007 2456 post
1040 2378 1177 2442 Socratis

220 2521 349 2576 mortem
373 2512 522 2598 adhibuit,
554 2514 678 2577 vivendi
707 2515 858 2577 rationem
890 2514 928 2577 ab
950 2514 1000 2577 iila
1024 2515 1178 2580 diversam

220 2653 335 2737 videri,
365 2670 455 2736 maur
480 2657 604 2720 vivente
626 2654 756 2720 Socrate
778 2663 907 2720 secutus
930 2663 987 2720 est.
1032 2657 1177 2732 mamus

224 2796 303 2858 euim
317 2798 490 2879 Aristippus
506 2815 630 2879 semper
641 2788 817 2879 voluptates
835 2803 1007 2879 expeteret,
1023 2756 1177 2862 ⁴'Socrates

222 2943 323 3011 tamen
345 2938 421 3028 mira
445 2937 561 3019 ingenii
583 2937 631 2999 sui
660 2936 835 3000 vividetur
857 2935 1017 3019 effecisse,
1046 2943 1081 2998 ut
1102 2935 1177 2999 Ari-

221 3082 341 3162 stippus
365 3080 541 3161 serarius,
571 3096 661 3158 quam
684 3085 775 3141 antea
800 3077 1009 3159 voluptatibus
1039 3075 1177 3140 dederet.

165 3184 168 3191 ³
220 3216 386 3294 Postquam
408 3223 510 3277 autem
532 3216 750 3296 sapientissimi
768 3217 906 3296 magistri
929 3224 960 3280 et
981 3218 1125 3298 exemplo
1149 3226 1180 3282 et

222 3350 439 3415 adhortatione
469 3352 594 3419 orbatus
625 3360 688 3417 est:
728 3372 745 3416 a
777 3352 860 3419 nullo
891 3351 958 3416 fere
991 3353 1177 3435 voluptatum

222 3506 341 3572 genere
363 3488 481 3553 alienus
505 3498 579 3553 erat
625 3488 713 3553 Unde
736 3488 926 3574 factumest,
949 3498 982 3554 ut
999 3509 1062 3554 non
1079 3492 1178 3557 solum

223 3630 412 3713 Syracusas,
456 3629 513 3693 sed
543 3631 633 3692 etiam
662 3629 741 3693 aiios
768 3630 799 3692 in
829 3629 918 3694 locos
946 3649 982 3695 se
1012 3632 1178 3717 conferret,

223 3824 282 3879 nov
299 3825 327 3878 δ’
343 3817 380 3880 αὖ
398 3825 445 3879 καὶ
460 3825 488 3882 τὸ
505 3826 589 3881 κακὸν
605 3828 643 3888 εἰς
664 3825 692 3880 ni
708 3824 857 3895 dantum
875 3827 985 3897 uiperea,
1010 3822 1078 3879 ὅπσν
1095 3824 1178 3879 und-

223 3947 297 3998 parur
312 3934 444 4000 γυναῖκας
461 3933 597 3994 Σικελικὰς
614 3932 660 3987 καὶ
678 3932 835 3992 drame
851 3932 879 3984 ui
895 3928 998 3992 κάλλος.
