2884 4625
672 322 720 395 55

220 561 291 607 men
312 562 369 625 per
391 560 427 606 se
448 541 607 623 probanda
629 543 760 606 videtur.
805 542 917 621 Neque·
935 558 1029 622 veru,
1056 547 1178 620 'quante

221 683 272 746 diu
294 683 427 765 Megaris
448 689 592 745 versatus
615 683 675 764 sit,
706 690 836 745 constat
893 683 970 744 Nam
991 643 1035 743 Xin
1068 680 1178 743 eadem

221 828 309 907 epist.
334 825 420 888 Soer.
445 822 494 886 16.
528 824 606 887 haee
630 824 790 905 leguntur:
825 822 895 884 stra
924 785 962 883 de
989 820 1065 903 παρ’
1094 817 1179 900 ὑμᾶς

221 963 424 1048 οἱφιξόμεθα,
447 967 501 1025 καὶ
521 964 553 1025 εἴ
567 984 595 1025 rs
617 962 739 1044 ἔχαιρες
758 961 882 1043 βέλτιον
904 962 1026 1025 ποιέειν
1046 958 1179 1043 ποιήσο-

220 1125 285 1185 μες.
329 1104 446 1178 Quibus
469 1105 573 1167 verbis
595 1105 679 1166 varia
702 1103 849 1183 Aristippi
877 1103 985 1164 itinera
1013 1100 1179 1183 significari

220 1243 373 1306 videntur.
418 1244 495 1306 Nam
518 1245 576 1306 etsi
599 1242 681 1305 haud
704 1242 805 1325 facile,
826 1242 990 1323 eredimus,
1014 1241 1087 1304 illud
1102 1240 1178 1302 Ari-

222 1382 313 1463 stippi
341 1382 413 1463 iter,
448 1400 510 1461 qun
534 1382 709 1445 Scillnutem
742 1382 781 1444 ad
803 1382 1040 1463 Xenophontem
1063 1400 1180 1462 perve-

221 1524 308 1585 nisse
331 1524 459 1605 dieitur,
492 1541 528 1584 re
555 1541 629 1584 vera
662 1522 777 1585 iactum
807 1494 893 1586 esse:
928 1531 1030 1585 tamen
1063 1541 1180 1605 negare

222 1683 284 1728 nun
307 1681 490 1746 pessumus,
517 1663 722 1744 Aristippum,
761 1671 926 1744 antequam
950 1663 1120 1744 Syracusas
1144 1682 1180 1726 se

223 1809 360 1890 cuntulit,
384 1824 447 1870 nun
470 1806 571 1869 sulum
589 1806 736 1886 Corinthi,
761 1805 832 1887 (vid.
859 1825 896 1868 ea
920 1825 999 1886 quae
1023 1806 1062 1869 de
1085 1806 1180 1869 Laide

221 1958 332 2032 postea
355 1946 584 2030 disputabimus)
608 1945 664 2008 sed
686 1947 777 2008 etiam
799 1947 830 2007 in
847 1945 922 2008 Asia
940 1946 969 2029 ¹),
993 1952 1024 2008 et
1045 1943 1181 2008 tortasse

231 2116 509 2134 W

220 2233 335 2297 sincium,
352 2232 439 2287 πόθεν
456 2232 602 2305 σοι-λῃσπὶ,
619 2234 713 2297 resim
732 2231 828 2304 Neque
841 2248 906 2285 vern
920 2231 991 2284 hane
1002 2229 1038 2283 eb
1058 2245 1182 2283 oaumem

223 2357 268 2395 res
286 2352 401 2411 prorsus
420 2347 494 2392 certa
513 2338 636 2392 habenda
655 2347 707 2391 est.
751 2335 872 2391 Primum
890 2334 1114 2405 enimxltiogenis
1134 2335 1183 2387 le-

224 2461 285 2499 cum
304 2444 341 2498 ite
360 2444 535 2514 interpretari
552 2460 713 2515 pessumus,
738 2452 769 2496 ut
792 2443 962 2513 Aristippum
986 2441 1041 2495 aliu
1065 2440 1183 2512 quodam

224 2559 348 2621 tempure
366 2547 488 2619 Megaris
504 2557 641 2605 versatum
665 2557 803 2618 putemus.
846 2546 954 2602 Deinde
977 2556 1034 2601 tota
1058 2547 1104 2601 illa
1129 2564 1182 2612 res,

223 2673 293 2726 quae
311 2671 327 2708 a
345 2653 472 2724 Diogene
491 2654 606 2709 traditur
624 2671 708 2726 quum
726 2671 777 2725 per
796 2672 834 2718 se,
854 2663 911 2709 tum
929 2662 1090 2724 prepterea,
1109 2652 1183 2725 qued

224 2761 258 2814 ad
270 2758 411 2814 Idomenei
429 2759 618 2815 auctoritatem
636 2759 727 2812 redire
740 2759 847 2812 ridetur
866 2757 912 2829 (ei.
925 2756 1027 2815 Athen.
1041 2755 1118 2811 ΧΙΙΙ.
1139 2759 1182 2815 93.

224 2863 374 2921 Hermann.
394 2866 428 2919 de
446 2864 577 2925 Aeschin.
597 2882 624 2936 p.
644 2868 669 2918 7.
690 2873 747 2918 net
769 2865 837 2936 ta),
860 2863 1039 2918 vaide-nohis
1057 2873 1184 2933 suspecta

225 2989 286 3026 esse
300 2972 396 3035 debet.
433 2970 561 3045 Denique
574 2971 677 3025 nullam
690 2971 750 3025 iere
764 2970 942 3041 epistolarum
954 2970 1062 3027 illarum
1082 2978 1184 3023 anete-

223 3078 331 3132 ritetem
349 3094 426 3141 esse,
441 3077 498 3147 jam
517 3092 600 3147 supra
618 3076 872 3131 demonstravimus.

279 3183 304 3254 1)
322 3180 493 3252 Aristippum
511 3181 540 3237 iu
558 3179 625 3237 Asia
642 3189 780 3233 versatum
798 3197 875 3243 esse,
900 3178 1040 3249 Diogenes
1059 3177 1184 3233 laertius

224 3285 349 3349 tradidit,
367 3286 416 3357 qui
433 3302 498 3339 eum
514 3285 551 3339 eb
567 3283 741 3353 Artapherne
761 3292 870 3352 captum
889 3301 950 3339 esse
970 3284 1045 3339 dieis.
1081 3288 1185 3354 Διατρι-

224 3401 281 3462 βων
299 3395 328 3445 ἐν
346 3392 429 3462 Ἀσίρ,
448 3392 499 3445 καὶ,
512 3391 623 3460 ληφθεὶς
641 3389 694 3443 ὑπὸ
708 3389 883 3461 Ἀρταφέρνου
901 3390 946 3442 τοῦ
964 3389 1099 3460 σατράπου
1116 3387 1185 3459 πρὸς

224 3499 269 3552 τὸν
279 3497 398 3551 εἰπόντα·
419 3496 474 3549 Καὶ
486 3487 537 3559 ὦδε
550 3495 676 3567 θαρρεῖς
694 3495 763 3549 Πότε
780 3495 842 3566 γὰρ,
860 3498 942 3558 εἶπεν,
960 3489 1097 3566 uincimus,
1115 3495 1185 3565 θαρ-

226 3605 339 3675 ρήσαιμι
353 3603 388 3657 ἂν
406 3603 510 3674 μᾶλλον
527 3601 542 3667 ἢ
566 3602 629 3665 νῦν,
653 3599 693 3654 dm
708 3603 796 3673 μέλλω
812 3602 978 3673 Ἀρταφέρνῃ
997 3602 1184 3666 devestiendum

226 3707 271 3779 (lt.
292 3708 355 3781 79.).
393 3706 474 3774 Quod
492 3707 602 3779 quando
614 3706 716 3760 fautum
735 3707 778 3772 sit,
794 3705 921 3763 Menziua
941 3706 978 3779 (p.
994 3709 1035 3761 17.
1049 3708 1095 3778 μ),
1107 3717 1183 3761 certe

225 3814 339 3871 definire
360 3822 482 3869 cunnus.
525 3812 608 3868 Putet
632 3814 705 3867 enim
722 3812 893 3884 Aristippum
917 3814 946 3866 iu
969 3813 1058 3869 insuia
1082 3811 1181 3868 Rhodo

223 3930 374 3984 versatum,
402 3928 429 3972 et
454 3935 488 3972 eu
514 3920 637 3989 tempore
663 3926 773 3987 captum
799 3935 875 3980 esse,
904 3934 960 3987 que
976 3915 1181 3986 -Artaphernes,
