2884 4625
656 366 714 441 85

212 591 370 674 hlojorem,
393 608 483 671 quoru
504 589 655 653 Minorem
676 588 863 670 Aristippum
875 593 943 669 pio
961 591 1090 651 auctore
1107 604 1170 650 no-

212 740 272 795 v‘oe
286 730 458 814 'cujusdam'
476 729 606 794 seho'lee
627 725 803 791 hibendum
817 735 918 805 esse,
936 731 1035 809 quum
1057 727 1095 791 oh
1108 727 1171 789 hoe

215 872 337 935 demum
368 869 610 952 disputationes,
645 884 726 948 quoe
755 872 787 930 et
817 863 857 928 de
887 865 1044 946 voluptate
1074 873 1106 929 et
1132 864 1172 929 de

215 1010 282 1074 aliis
313 1009 529 1091 philosophiae
566 1007 644 1072 loeis
675 1007 713 1070 uh
730 1017 806 1070 'svo
827 1005 966 1087 prolutus
990 1013 1112 1090 esseut,
1140 1007 1173 1070 in

208 1152 328 1233 justum
350 1153 424 1215 ortis
441 1151 576 1214 hobitum
594 1149 742 1216 monetae
757 1147 953 1213 viderentur.⁴
990 1148 1077 1222 Quae
1094 1167 1173 1214 sen-

215 1292 310 1356 tentio
332 1298 433 1356 utrum
454 1288 686 1372 prehendasit,
709 1306 830 1372 onnon,
847 1287 1001 1353 uliolooo
1017 1288 1174 1370 expliuore

217 1432 404 1496 conabimur.
449 1430 570 1495 Etenim
584 1448 667 1495 nuno
679 1448 720 1494 ue
738 1430 778 1494 de
793 1430 916 1512 seriptis
930 1430 1070 1513 quidem,
1093 1447 1173 1510 quse

217 1571 374 1653 Aristippo
402 1571 588 1653 tribuuntur,
612 1578 721 1653 'agere‘
748 1572 978 1654 constituimus,
1007 1577 1173 1652 propterea

219 1712 303 1793 quod
331 1730 372 1775 ne
399 1712 480 1778 hueo
509 1711 632 1793 quidem
662 1712 804 1793 pinostio
832 1713 908 1776 sutis
939 1719 1085 1775 uoourute
1106 1718 1175 1773 tro-

219 1853 297 1915 ntori
318 1859 431 1934 potest,
454 1853 512 1917 nisi
536 1853 574 1918 oh
598 1871 648 1937 eo,
670 1853 734 1936 qui,
758 1853 829 1935 quid
852 1852 893 1917 de
914 1853 1012 1917 ultera
1030 1852 1081 1915 illo
1096 1870 1175 1916 sen·
1218 1815 1220 1819 .

218 1990 293 2072 tiot,
317 1993 505 2072 exposuerit.

285 2131 372 2208 Quae
397 2149 490 2212 quum
511 2131 552 2196 itu
574 2134 650 2214 sint,
673 2132 749 2195 nihil
769 2140 880 2215 restat,
903 2133 963 2196 nisi
987 2132 1178 2196 utbreviter

220 2290 278 2337 eos
301 2289 553 2354 commemorem,
590 2271 642 2352 qui
668 2278 793 2353 praeter
814 2270 930 2335 hretoe
952 2278 984 2334 et
1006 2278 1122 2353 putrem
1147 2279 1178 2334 ot

221 2411 312 2476 lilium
342 2411 489 2493 Aristippi
517 2411 641 2477 nomine
674 2413 723 2477 usi
753 2420 831 2477 suut.
885 2411 1074 2493 Quemnam
1096 2415 1177 2476 enim

221 2552 305 2616 haud
337 2551 428 2633 pouoi
456 2550 607 2634 fortasse,
640 2552 694 2632 qui
725 2571 742 2613 u
773 2552 938 2617 veteribus·
962 2562 1178 2637 momorantur,

222 2710 270 2753 me
293 2691 453 2774 ingerunt:
476 2709 515 2754 ea
537 2698 639 2755 tumen
660 2690 819 2759 afferendo
835 2694 987 2776 videntur,
1011 2695 1179 2776 quaemihi

221 2835 253 2893 in
274 2840 415 2914 promptu
436 2839 515 2897 sunt.

285 2974 306 3037 1.
329 2974 449 3037 Auctor
478 2973 585 3037 histor.
608 2973 804 3049 Arcadiour„
835 2973 876 3035 tle
906 2990 967 3053 quo
989 2974 1080 3038 Voss.
1104 2973 1179 3037 llisl.

222 3111 272 3174 Gr.
295 3130 324 3192 p.
345 3109 408 3174 403
432 3119 463 3174 et
487 3112 517 3174 C.
541 3112 707 3179 Muellerus
731 3112 913 3194 historiogr.
945 3113 994 3176 Gr.
1019 3112 1054 3175 lr.
1078 3114 1127 3177 lV.
1151 3133 1178 3194 p.

221 3248 285 3312 327
307 3249 546 3331 disputaverunt.

286 3391 321 3455 ll.
343 3392 527 3473 Argivorum
546 3401 702 3473 tyrannus,
727 3391 767 3453 de
791 3409 853 3472 quo
870 3390 1049 3454 Plutarchus
1069 3392 1100 3452 in
1118 3393 1179 3455 vitu

223 3534 310 3597 Anuli
331 3541 364 3595 et
383 3534 414 3594 iu
438 3533 499 3595 vito
522 3532 629 3614 Pyrrhi
652 3531 728 3615 (cop.
754 3530 815 3614 30).

287 3673 334 3737 lll.
358 3673 557 3754 Larissaeus,
596 3671 736 3734 Menonis
767 3672 898 3751 euticus,
939 3671 990 3750 qui
1021 3689 1037 3732 u
1069 3670 1180 3731 Xeno-

222 3813 338 3893 phonte
362 3820 393 3876 et
415 3832 431 3876 o
455 3813 580 3878 Platone
603 3819 792 3875 memoratur
820 3810 888 3892 (vid.
914 3809 1031 3875 Gediko
1053 3811 1084 3873 iu
1106 3808 1179 3872 Plut.

223 3950 301 4012 llleu.
325 3971 352 4032 p.
378 3951 416 4035 2).
