2884 4625
724 304 773 376 62

267 524 443 606 gnosoitur‚
473 540 536 603 quo
566 524 592 588 is
616 522 778 606 nsudagio
803 525 925 604 quidem
955 526 1114 608 omnibus,
1147 547 1230 608 quse

266 751 340 803 enim
357 750 469 820 ¹vestigia
489 749 584 815 video,
603 745 747 822 statimque
767 753 795 805 in
815 752 944 823 oppidum
963 752 1090 807 Rhodum
1109 766 1232 810 eonten-

267 855 321 919 dit,
341 865 369 909 et
388 864 463 909 reeta
483 857 652 927 gymnasium
672 857 789 922 devenit,
809 858 901 930 ibique
921 858 955 911 de
974 858 1148 929 philosophia
1168 847 1231 914 dis-

266 971 380 1033 putans,
406 962 565 1015 muneribus
585 963 714 1027 donatus,
741 971 846 1016 utnon
863 971 967 1017 tantum
986 981 1017 1017 se
1036 974 1160 1028 ornaret,
1180 966 1231 1018 sed

267 1068 349 1121 etiam
368 1068 410 1131 iis,
429 1072 476 1138 qui
493 1085 547 1121 una
566 1067 687 1132 fuerunt,
706 1076 735 1122 et
752 1068 880 1122 vestitum
899 1077 928 1123 et
945 1078 1050 1134 cetera,
1069 1087 1140 1141 quae
1158 1088 1229 1140 opus

266 1183 361 1229 essent
379 1174 413 1226 ad
433 1173 547 1237 victum,
566 1183 728 1243 praestaret.
765 1172 856 1239 Quum
876 1183 967 1227 autem
987 1173 1045 1244 ejus
1067 1175 1180 1228 comites
1200 1175 1229 1227 in

266 1279 381 1350 patriam
400 1280 500 1330 reverti
525 1277 690 1342 voluissent,
715 1280 971 1350 interrogarentque
998 1297 1074 1344 eum,
1100 1280 1228 1351 quidnam

266 1386 349 1440 veliet
366 1384 476 1437 domum
493 1384 664 1437 renunciari:
689 1392 756 1437 tuno
780 1384 817 1438 ita
844 1383 980 1438 mandarit
1003 1383 1116 1438 dicere:
1149 1384 1229 1454 ejus-

266 1491 340 1548 modi
355 1489 560 1562 possessionem
580 1498 609 1543 et
631 1489 729 1544 riatioa
754 1489 849 1544 liberis
875 1499 1004 1560 oportere
1029 1490 1133 1560 parari,
1157 1507 1227 1562 quae

267 1596 348 1649 etiam
374 1613 388 1649 e
414 1594 557 1664 naufragio
583 1612 637 1648 una
661 1603 777 1666 possent
803 1605 925 1649 enatare.
971 1593 1093 1667 Namque
1113 1612 1145 1648 ea
1164 1611 1228 1648 vera

266 1700 402 1772 praesidia
422 1709 485 1753 sunt
504 1709 549 1753 eet
550 1738 687 1753 .......
715 1697 813 1754 Ultima
834 1698 968 1771 Aristippi
985 1719 1038 1754 vox
1056 1701 1137 1755 etiam
1155 1701 1229 1770 apud

266 1797 401 1861 Ioannem
426 1804 628 1859 Damasoenum
653 1802 809 1877 (Appendix
832 1803 990 1860 Florentius
1020 1805 1054 1860 ad
1079 1805 1229 1861 Stobaeum

267 1914 311 1967 ed.
332 1911 460 1967 Gaisiord
479 1908 542 1964 Vol.
561 1912 587 1965 4.
607 1929 633 1981 p.
653 1911 716 1982 428)
736 1911 851 1979 legitur:
868 1911 1030 1982 Ἀρίστιππος
1047 1913 1229 1984 παρεκελεύετο

266 2022 322 2078 τρῖς
340 2010 409 2077 ’νέοις
425 2019 533 2074 ‚rotmiro
551 2017 649 2085 ἐφόδια
667 2016 782 2070 κτᾶσθαι
800 2014 875 2070 ἅτινα
891 2018 1045 2078 αὐτοῖςκαὶ
1063 2018 1229 2089 ναυαγήσασι

266 2123 507 2196 συνεκκολρμβήσει.
545 2115 635 2187 Quum
648 2131 739 2175 autern
754 2140 787 2175 ex
802 2132 919 2195 utroque
939 2125 1000 2177 ioco
1020 2141 1228 2193 cognoscamus,

265 2223 436 2297 Aristippum
456 2227 531 2281 brevi
551 2236 674 2298 ternpore
692 2227 745 2280 sibi
765 2228 906 2282 hominum
925 2229 1029 2282 animos
1049 2229 1227 2283 conciliasse:

266 2331 339 2386 haud
357 2334 504 2388 verisimile
530 2343 586 2397 est,
612 2333 665 2388 hoo
683 2332 817 2405 Aristippi
842 2335 1014 2405 naufragium
1032 2353 1048 2389 a
1066 2333 1228 2389 Philodemo

266 2440 447 2508 significatum
474 2457 551 2504 esse,
575 2450 606 2493 ut
630 2448 761 2510 putarunt
785 2440 909 2494 nonnulli
936 2441 973 2512 (n.
992 2441 1068 2507 ἧθων
1091 2443 1137 2494 καὶ
1160 2445 1229 2509 βίων

266 2545 362 2614 fragm.
382 2548 408 2599 4.
428 2546 456 2599 in
475 2545 539 2599 Vol.
558 2544 709 2599 Herculeo.
730 2544 764 2599 V.
782 2546 819 2620 2).
868 2543 968 2600 Contra
988 2547 1022 2599 ad
1041 2546 1094 2600 hoo
1112 2546 1229 2599 naufra-

267 2651 341 2721 gium
366 2650 510 2705 referenda
533 2652 675 2716 ridentur,
706 2669 777 2723 quae
804 2653 876 2722 apud
895 2646 1045 2724 Cruquium
1069 2653 1103 2705 ad
1124 2649 1227 2720 horat.

267 2755 355 2827 Epist.
374 2754 396 2808 l.
418 2757 460 2810 17.
478 2759 514 2811 23
533 2758 674 2828 leguntur:
712 2756 834 2812 “Laudat
851 2758 1021 2829 Aristippum
1041 2776 1074 2812 ex
1093 2757 1227 2811 sententia

267 2865 397 2931 Platonis,
417 2866 463 2936 qui
482 2882 566 2936 quum
586 2865 736 2918 invenisset
750 2883 813 2919 eum
832 2864 1001 2934 naufragum,
1020 2864 1122 2935 vilique
1142 2863 1227 2916 indu—

269 2981 325 3026 tum
342 2966 519 3034 vestimento,
539 2970 658 3024 laudavit
675 2988 738 3024 eum
758 2970 864 3024 dicens:
885 2970 973 3024 omnis
992 2970 1077 3032 color,
1097 2977 1125 3021 et
1142 2977 1228 3021 status

267 3085 296 3130 et
314 3092 359 3131 res
379 3076 472 3130 deeuit
489 3074 538 3128 Ar.
558 3093 590 3129 ea
610 3076 725 3128 scientia
745 3075 907 3146 praeditum,
928 3083 958 3129 ut
976 3092 1064 3146 aeque
1085 3074 1169 3126 sciret
1186 3073 1227 3125 uti

268 3182 358 3252 parvis
377 3199 410 3235 ae
429 3181 561 3251 magnis.”
604 3180 686 3247 Quod
705 3182 727 3234 si
747 3189 822 3234 reete
841 3198 855 3233 a
875 3177 996 3251 Cruquio
1016 3189 1153 3233 narratum
1172 3186 1227 3230 est:

268 3287 438 3357 naufragium
463 3306 525 3341 anu.
545 3288 608 3342 389.
629 3286 674 3359 (oi.
693 3285 845 3340 Hermann.
864 3304 892 3356 p.
913 3286 956 3360 63)
982 3281 1124 3356 Aristippo
1150 3284 1229 3337 aeci-

267 3393 320 3458 dit,
339 3411 422 3464 quum
442 3410 475 3447 ex
492 3394 594 3463 patria,
619 3402 650 3446 ut
667 3392 788 3456 videtur,
814 3392 955 3463 proiectus
975 3401 1058 3445 esset.
1096 3389 1177 3460 Diog.
1197 3388 1228 3442 L.

267 3497 302 3552 ll.
323 3500 366 3552 67.
387 3499 433 3551 Διό
452 3518 513 3552 ποτε
531 3499 687 3571 Στράτωνα,
713 3500 739 3550 οἱ
762 3499 790 3551 δὲ
809 3498 938 3551 Πλάτωνα
956 3498 1023 3569 πρὸς
1041 3496 1121 3550 αὐτὸν
1138 3499 1228 3550 εἰπεῖν·

267 3604 318 3658 Σοὶ
340 3604 417 3675 μόνῳ
442 3605 546 3657 diderat
575 3605 621 3656 ani
645 3604 775 3676 χλαμύδα
800 3608 896 3675 φορεῖν
920 3605 966 3656 καὶ
991 3603 1079 3676 ῥάκος.
1126 3599 1227 3672 (Strato

266 3708 468 3779 Lampsacenus
493 3726 576 3780 quum
602 3726 642 3761 oa.
669 3706 714 3762 01.
738 3709 796 3762 125.
819 3709 842 3761 l.
863 3726 926 3761 ann.
945 3709 1007 3763 280.
1028 3707 1154 3759 floruisse
1180 3704 1226 3756 di-

267 3825 352 3879 catur,
371 3815 439 3868 nihii
459 3832 521 3867 curn
539 3810 782 3885 Aristippo'agere
801 3815 898 3885 potuit.
927 3813 962 3867 ei.
984 3811 1143 3882 Bernhardy
1163 3811 1224 3864 hist.

268 3923 285 3974 l.
307 3920 340 3974 G.
360 3919 381 3973 1.
401 3939 427 3989 p.
448 3920 519 3991 641).
