2884 4625
719 291 772 362 06

271 522 388 568 morum
412 511 577 585 superatus
599 511 654 568 est
699 503 776 568 Nem
799 520 892 582 quum
903 502 934 566 id
950 505 1082 568 maxine
1099 511 1232 586 speeta-

281 653 554 664 -n—-u—-m-ae--a

273 729 343 803 102).
382 729 455 795 Quid
474 731 548 802 quod
567 728 773 786 Commentator
782 729 927 786 Horetian.
947 748 1008 785 earn
1020 732 1055 785 nl)
1066 731 1235 787 Antisthene

270 835 422 906 profectam
440 844 518 906 putot
534 834 571 907 (p.
584 836 638 891 572
656 836 716 889 “vel
735 845 766 890 ut
783 836 830 889 slii
848 834 1116 908 voluntAntisth.'’).
1152 836 1233 903 Quae

269 958 353 1014 quum
370 942 408 995 ite
427 942 496 1006 sint,
515 959 581 996 osvo
599 959 635 996 ne
655 942 799 996 universae
817 942 968 996 narrationi
985 943 1100 996 nimium
1117 943 1232 997 tribues.

269 1041 338 1100 Nam
356 1064 392 1100 ne
411 1046 479 1100 iilud
497 1046 610 1120 qtridem
627 1047 693 1120 setis
717 1049 845 1101 oonstnre
870 1046 993 1111 videtur,
1023 1048 1105 1104 etium
1123 1046 1234 1118 Dioge-

268 1171 333 1208 nem
353 1150 497 1224 Syracusis
515 1162 653 1207 versotum
671 1169 743 1207 esse.
787 1150 870 1217 Quod
888 1170 972 1225 quum
989 1152 1024 1206 sb
1045 1170 1099 1206 uno
1118 1150 1233 1206 Valerio

270 1259 397 1314 traditum
417 1260 468 1325 sit,
487 1259 581 1313 mirari
597 1276 653 1312 non
673 1275 832 1329 possumus,
851 1260 925 1330 quod
943 1277 1034 1331 neque
1052 1276 1068 1312 s
1087 1257 1232 1312 Bruekern

270 1366 309 1438 (in
321 1367 375 1421 vite
384 1364 529 1438 Diogenis)
540 1382 630 1437 neque
643 1383 659 1419 s
671 1364 844 1437 Goettlingio
862 1364 1010 1438 (Disputat.
1024 1367 1116 1421 venne
1128 1385 1157 1436 p.
1168 1364 1231 1436 251)

269 1472 511 1526 memoretumsit.
558 1469 749 1525 Lnehmnnnus
769 1470 852 1543 (Hist.
873 1470 971 1527 Graec.
989 1471 1024 1526 11.
1044 1491 1071 1543 p.
1090 1473 1154 1526 291.
1173 1481 1231 1527 not

271 1576 314 1650 19)
333 1585 423 1631 autem
442 1576 515 1631 houd
533 1578 645 1631 omnino
663 1578 822 1649 probandus
841 1578 962 1643 videtur,
981 1596 1066 1651 quum
1083 1579 1156 1632 hene
1173 1595 1232 1632 reru

268 1683 350 1738 etism
369 1701 402 1737 ex
420 1681 502 1753 Diog.
513 1681 604 1738 Inest.
624 1680 730 1738 0150.
750 1684 870 1753 colliget.
907 1682 977 1738 Nem
995 1701 1086 1756 neque
1100 1702 1142 1749 οι,
1161 1701 1231 1756 quse

268 1787 409 1859 Diogenes
429 1797 545 1859 tyranno
563 1787 671 1841 cnidum
689 1788 881 1860 respondisse,
905 1806 996 1861 neque
1015 1806 1085 1862 quse
1104 1789 1142 1843 de
1157 1787 1232 1843 Dio-

268 1894 349 1965 nysio
366 1893 559 1965 pronuntiasse
578 1893 694 1946 dieitur:
713 1893 829 1947 multum
847 1894 1044 1949 adheuntem
1062 1895 1232 1949 oonflrmsn-

270 2000 331 2054 dnm
348 2000 440 2055 volere
458 1999 594 2054 videntur.
631 1996 741 2052 Deinde
767 1998 842 2053 houd
864 2000 923 2054 scio
948 2017 984 2054 sn
1010 2010 1163 2072 temporum
1181 2019 1232 2056 ro-

270 2106 360 2160 tiones
379 2106 444 2159 huie
463 2105 616 2160 sententiae
636 2104 953 2170 ποποποποποποποῖ
971 2105 1083 2178 quidem
1102 2123 1135 2160 en
1154 2116 1231 2161 recte

269 2211 404 2282 disputato
423 2219 500 2274 sunt,
525 2227 596 2282 quae
616 2207 799 2280 Goettlingins
825 2211 859 2264 de
878 2219 968 2265 sente
987 2209 1121 2281 Diogenis
1141 2227 1231 2283 expo—

269 2318 333 2372 suit.
369 2315 541 2388 Quamquam
558 2316 640 2370 sanilo
660 2316 799 2380 concedo,
818 2316 847 2368 id
865 2316 942 2370 nullo
962 2316 1043 2369 modo
1061 2334 1077 2370 s
1095 2314 1230 2387 Diogenis

268 2423 380 2492 ingenio
399 2422 576 2494 moribusque
594 2421 755 2486 abhorrere,
774 2423 797 2475 si
815 2422 926 2494 quidem
944 2419 1086 2492 Diogenes
1104 2421 1230 2478 Laertius

193 2598 196 2602 Δ
269 2525 326 2598 (vl.
345 2526 390 2600 23)
410 2534 487 2580 reete
505 2526 637 2589 narrarit,
665 2543 681 2578 s
699 2523 805 2597 Cynico
824 2535 853 2579 et
870 2543 919 2580 eos
938 2527 1061 2581 laudatos
1081 2544 1159 2592 esse,
1183 2528 1230 2599 qni

267 2633 379 2703 regibus
399 2632 540 2696 servirent,
560 2640 588 2686 et
606 2647 663 2695 eos,
682 2633 731 2703 qni
747 2648 828 2700 reges
847 2631 923 2684 edire
941 2641 1111 2686 recusarent.
1148 2630 1229 2697 Quod

269 2738 293 2790 si
311 2747 390 2792 rente
406 2753 424 2790 n
441 2736 521 2790 nobis
541 2736 676 2800 statuitur,
695 2735 776 2789 facile
796 2750 831 2788 eu
844 2735 1012 2800 adducimur,
1031 2745 1062 2791 nt
1079 2737 1154 2791 ilinm
1172 2752 1230 2789 rem

270 2861 284 2896 s
302 2840 429 2910 Diogene
448 2839 559 2894 Laertio
578 2857 634 2894 non
653 2842 743 2895 solum
761 2858 805 2905 eo,
824 2858 906 2912 quern
916 2839 1106 2897 Lnehmsnnus
1125 2841 1231 2906 adtulit,

268 2947 340 3010 loeo,
359 2945 408 2999 sed
427 2945 543 3001 fortusse
563 2948 644 3002 etiam
664 2946 804 3001 nonnuliis
824 2946 900 3010 aliis,
920 2955 951 3000 ut
969 2944 1004 2999 ll.
1025 2949 1076 3001 66..
1089 2947 1232 3017 signitica-

269 3061 324 3106 tnm
341 3059 478 3123 putemus.
517 3049 573 3107 Sed
598 3060 628 3104 ut
654 3061 685 3104 ut
707 3068 754 3105 res
772 3068 803 3104 se
822 3051 918 3107 habet:
948 3050 1090 3122 Diogenes
1116 3060 1146 3105 et
1162 3050 1232 3105 Ari-

270 3157 376 3228 stippus
395 3156 468 3211 haud
486 3173 548 3210 rsro
567 3165 596 3209 et
614 3156 648 3209 ab
667 3155 787 3227 antiquis
806 3162 834 3209 et
857 3155 1058 3210 recentioribus
1084 3156 1233 3228 scriptori-

269 3263 322 3317 bns
340 3263 415 3317 inter
432 3280 463 3316 se
483 3262 632 3333 oompernti
649 3270 725 3315 sunt.
773 3260 857 3327 Quod
881 3279 936 3315 non
963 3270 1018 3315 tem
1046 3271 1159 3333 propter
1177 3260 1233 3314 do-

270 3369 384 3423 etrinnm
402 3386 482 3441 quom
501 3376 615 3439 propter
625 3367 789 3436 ingenium,
808 3383 899 3420 meres
917 3366 1080 3438 vivendique
1098 3366 1232 3420 sationem

270 3473 371 3526 sectum
389 3474 506 3530 videtur.
544 3470 599 3544 (Fr.
618 3471 741 3526 Jsoobsii
756 3470 890 3543 Opuseul.
909 3491 937 3543 p.
953 3474 1016 3526 403.
1056 3470 1130 3528 Sext.
1149 3469 1232 3542 Emp.

270 3576 368 3647 Pyrrh.
381 3576 452 3648 hyp.
471 3577 506 3632 A.
529 3578 587 3632 150.
614 3575 677 3630 ὅταν
700 3578 746 3642 τὴν
769 3578 814 3630 τοῦ
836 3579 979 3649 Διογένους
1001 3577 1141 3649 διαγωγὴν
1164 3577 1234 3630 ἄνπ-

269 3684 364 3754 seper
385 3684 416 3757 sfi
438 3684 483 3737 τοῦ
505 3684 668 3754 Ἀριστίππου
696 3681 816 3755 Horat).
867 3681 964 3756 Neque
989 3699 1051 3736 rnre
1075 3680 1233 3752 Aristippus

270 3785 390 3858 Diogeni
415 3787 586 3858 antepositus
607 3796 663 3851 est,
686 3797 720 3841 nt
745 3788 779 3841 nb
797 3785 931 3853 Horatio,
956 3787 1075 3844 Manno
1094 3785 1179 3856 Tyrio
1198 3783 1236 3856 so

267 3891 430 3963 Ἀρίστιππος
448 3897 546 3954 ἐκεῖνος
564 3926 600 3938 -
619 3892 668 3964 οὐχ
679 3884 753 3959 ἦπου
771 3894 816 3946 τοῦ
828 3895 970 3964 Διογένους
986 3891 1142 3964 ἐσωφρόνει.
1172 3889 1236 3951 Ὦς-
