2884 4625
690 337 736 410 to

223 559 438 623 hahendo-oie
460 560 579 634 uomn
597 559 679 640 quod
692 579 697 588 ·
711 558 793 621 haud
815 560 923 639 paucis
945 559 1069 638 aarum]
1101 574 1184 636 quo-

100 739 103 745 ·
222 701 368 763 reminds
385 697 604 772 auctoritatem,
622 717 704 763 nunc
726 700 850 780 quidem
874 701 974 763 armna
998 698 1181 781 referuntur,

228 844 300 906 nihil
323 828 457 910 omnino
476 844 699 925 tribueremus,
728 844 804 906 uisi
820 850 865 905 etz
881 814 1190 923 tanqamm'injmia
1295 915 1296 918 Ἴ

229 989 259 1044 et
281 982 436 1045 hominum
459 983 576 1045 incuria
600 980 714 1044 factum
742 990 843 1062 esset,
875 988 908 1043 ut
929 980 1125 1062 plurimarum
1156 988 1186 1042 et

225 1124 477 1203 gravissimarum
506 1140 610 1185 rerum
643 1121 685 1184 itti
714 1120 805 1185 nobis
844 1121 903 1183 soli
943 1128 1040 1183 testes
1079 1128 1186 1183 essent

225 1272 321 1349 atque
348 1273 502 1330 auctores.
557 1261 631 1336 Quis
661 1262 742 1323 enim
772 1261 986 1342 idomeneum,
1019 1261 1186 1343 Hagesan-

225 1404 324 1487 drum,
347 1404 540 1467 Athenaeum
556 1404 658 1484 magni
678 1403 864 1484 aestimaret,
888 1403 915 1465 si
938 1402 1022 1465 multi
1044 1402 1085 1465 illi
1102 1404 1185 1465 scri·
1243 1449 1247 1456 .

226 1552 332 1625 ptores
364 1553 496 1607 aetatem
526 1545 686 1626 tulissent,
725 1545 775 1624 qui
807 1552 838 1606 et
867 1543 906 1605 de
937 1544 1119 1626 Socraticis,
1154 1553 1187 1606 ut

118 1660 121 1665 ’
224 1684 371 1767 Phanias,
396 1684 541 1767 Diocles,
565 1684 744 1766 Panaetius,
768 1684 964 1767 Oenomaus,
992 1684 1184 1766 Hermippus,

224 1828 352 1909 Hecate,
376 1826 551 1890 Sosicrates
575 1827 705 1909 aliique,
730 1834 762 1888 et
790 1826 828 1888 de
850 1826 1023 1908 voluptate,
1054 1835 1087 1890 ut
1109 1828 1183 1889 Ari-

225 1967 371 2047 stoteleS,
394 1967 640 2049 Theophrastus
664 1966 862 2049 Chrysippus,
885 1968 1088 2050 Xenocrates,
1115 1969 1205 2030 An·-

223 2109 375 2173 tisthenes
400 2119 538 2193 egerunt.
597 2111 671 2184 ouis
703 2112 846 2192 spinosas
876 2110 961 2192 illas,
993 2129 1072 2190 quae
1103 2129 1184 2173 nunc

224 2250 434 2313 instituendae
470 2250 631 2332 videntur,
667 2250 899 2331 disquisitiones
935 2251 1124 2333 institueret,
1156 2253 1184 2315 si

224 2394 310 2495 ipsos
328 2393 470 2475 dialogos
494 2393 579 2455 adire
600 2393 716 2475 liceret,
742 2393 851 2473 quihus
869 2393 1058 2474 Speusippus
1082 2392 1181 2475 (Diog.

224 2532 255 2594 L.
272 2533 319 2594 lV.
338 2532 375 2613 53
406 2531 443 2594 cf.
460 2532 591 2596 Krische
606 2532 858 2616 Theologumcna
875 2534 985 2615 philos.
1005 2533 1054 2597 Gr.
1071 2553 1099 2614 p.
1109 2531 1182 2596 249.

224 2681 287 2736 not.
302 2673 333 2758 Ι.)
365 2681 397 2736 et
422 2673 517 2754 Stilpo
547 2671 648 2756 (Diog.
673 2675 705 2736 L.
725 2674 759 2735 ll.
785 2672 922 2759 §,120.)
957 2674 996 2737 de
1026 2674 1182 2755 Aristippo

225 2813 464 2894 disputaverunt.

289 2952 349 3016 Sed
369 2954 433 3035 jam
462 2952 537 3015 satis
566 2949 609 3011 -de
634 2948 859 3013 difficultatibus
882 2949 995 3012 dictum
1018 2957 1082 3031 est,
1111 2951 1182 3029 qui-

223 3094 281 3157 bus
307 3112 359 3175 ea,
386 3111 476 3172 mam
499 3099 634 3154 tractare
658 3091 852 3172 conabimur,
875 3091 1016 3171 quaestio
1039 3089 1182 3152 laborare

223 3235 352 3299 videtur.
405 3234 481 3296 Nam
503 3240 617 3295 tantum
642 3233 742 3314 abest,
769 3241 802 3295 ut
819 3239 947 3314 propter
968 3232 1023 3295 has
1047 3231 1181 3295 difficul-

222 3384 301 3439 tates
325 3375 470 3444 universa
494 3373 635 3454 quaestio
659 3391 676 3435 a
700 3371 790 3434 nobis
815 3373 929 3435 omissa
955 3374 1009 3454 sit,
1040 3380 1071 3434 ut
1093 3390 1181 3435 som-

223 3534 300 3578 mam
311 3515 489 3578 indnstn'am
502 3515 533 3575 in
556 3515 593 3577 iis
607 3511 752 3575 tollendis
766 3513 1056 3596 consumpserimus.
1095 3512 1182 3587 Quae

223 3656 415 3720 difficultates
439 3655 577 3736 quamvis
600 3653 776 3735 effecerint,
807 3661 839 3716 ut
862 3654 922 3716 hoc
946 3662 1085 3735 tempore
1108 3653 1182 3716 nihii

221 3797 281 3858 nisi
302 3798 394 3859 vitam
416 3797 563 3878 Aristippi
585 3813 810 3878 proponamus,
839 3805 940 3858 tamen
968 3794 1007 3857 de
1031 3795 1089 3857 hac
1112 3794 1180 3858 dis·
1296 3783 1299 3787 ’

220 3936 428 4018 putatiuncula
451 3937 533 3999 idam
554 3938 659 4002 valere
681 3935 817 4017 videtur,
848 3936 930 4016 quod
963 3938 1002 3999 de
1025 3937 1180 4018 gravissi-
