2884 4625
687 323 739 398 84

237 550 305 605 τοτα
329 542 553 608 constituimus.
600 543 698 616 Quem
722 561 762 606 eo
784 551 900 610 tantum
923 543 1055 608 oonsilio
1078 562 1202 608 memo-

237 685 390 769 ravimus,
431 692 465 748 ut
494 684 796 763 demonstraremus,
834 685 984 768 Majorem
1011 685 1202 766 Aristippum

237 825 319 889 haud
352 826 448 888 hreve
479 833 600 908 tempus
630 827 662 890 in
695 829 792 909 patria
824 835 855 892 et
885 834 1040 892 versatum
1071 833 1144 891 esse
1168 834 1201 889 et

239 963 378 1027 soholam
401 964 570 1029 instituisse
588 964 618 1048 ¹).
665 964 755 1037 Quod
778 967 837 1030 nisi
856 965 994 1048 iecisset,
1018 983 1117 1047 nepos
1132 966 1201 1048 ejus

239 1103 455 1185 philosophiae
491 1105 694 1185 patrocinium
736 1107 897 1186 suscipere
937 1123 1001 1168 non
1038 1106 1199 1187 potuisset.

241 1244 319 1317 Quid
343 1244 425 1326 quod
456 1243 593 1308 nonnulli
625 1243 682 1306 viri
706 1242 791 1307 dooti
814 1252 1014 1327 putaverunt,
1047 1263 1110 1308 non
1140 1253 1203 1308 tam

241 1397 321 1449 αὑτοῦ
337 1396 352 1462 ἢ
371 1395 490 1468 θυγάτηρ
505 1394 602 1469 Ἀρήτη,
619 1395 668 1468 ἀφ’
687 1388 717 1463 ἧς
735 1396 750 1449 ὁ
767 1400 832 1456 παῖς
844 1396 921 1461 αὐτῆς
933 1396 947 1449 ὁ
960 1385 1019 1458 asic
1031 1398 1203 1469 Ἀρίστιππος,

241 1498 270 1561 ὃς
287 1501 381 1568 ἐκλήθη
400 1502 620 1574 Μητροτίίίακτος.
639 1536 674 1547 -
712 1500 881 1556 Theodorou
901 1518 992 1574 graec.
1012 1503 1058 1557 aii.
1079 1521 1136 1557 our.
1151 1502 1202 1557 xl.

237 1604 403 1679 Ἀρίστιππον
430 1609 532 1661 ἐκεῖνον
555 1610 626 1672 ἴσως,
652 1602 673 1660 ὥ
700 1608 810 1679 ἄνδρες,
836 1607 954 1661 ἀκούετο·
979 1608 1023 1660 τὸν
1038 1607 1204 1680 Ἀριστίππου

241 1712 287 1765 rori
310 1712 469 1784 Σωκράτους
494 1714 597 1784 ἑταίρου
621 1713 819 1785 θυγατριθοΐιν·
843 1705 918 1774 οὗτος
939 1713 968 1786 τῇ
991 1713 1070 1786 μητρί
1095 1715 1204 1784 φιλοσο-

241 1817 329 1890 φοίσρ
348 1816 442 1882 συνών,
461 1820 625 1888 φιλοσοφίας
643 1816 680 1879 ὥς
697 1820 819 1872 πλεῖστον
837 1820 993 1890 μετείληχεν.
1035 1820 1111 1890 ἔλαχε
1129 1819 1158 1872 δὲ
1171 1817 1205 1872 οὐ

242 1923 331 1995 ὄνομα
345 1924 476 2002 ,ξυντεθέν
500 1926 528 1978 ἐκ
552 1924 597 1978 τοῦ
619 1923 791 1995 πράγματος·
814 1924 1024 1996 μητροδίδακτον
1046 1923 1100 1995 γὰρ
1125 1924 1205 1979 αὐτὸν

244 2029 386 2102 ὠνόμαζον
405 2028 523 2091 ἅπαντες.
568 2028 623 2083 ἀλλ’
645 2032 736 2101 ἐκείνῳ
754 2030 805 2102 μὲν
822 2030 928 2101 ἤρκεσεν
946 2032 983 2090 είς
999 2033 1141 2101 μετουσίαν
1160 2050 1206 2100 φι-

241 2138 386 2205 λοσοφίας,
415 2136 463 2189 καί
487 2135 575 2208 μόνης
598 2135 640 2200 τῆς
662 2134 761 2207 μητρὸς
784 2134 815 2187 τὰ
838 2113 1005 2207 παιδεύματα
1031 2154 1055 2188 κ.
1079 2154 1099 2187 τ.
1121 2137 1144 2188 i.
1168 2169 1204 2179 -

244 2238 320 2296 Unus
339 2240 472 2316 Aelianus
492 2240 588 2294 histor.
609 2240 691 2294 anim.
710 2237 760 2293 111.
780 2241 825 2294 40.
862 2238 975 2294 Aratum
994 2256 1117 2293 sororem
1134 2237 1205 2293 Ari-

244 2348 327 2420 stippi
345 2356 438 2403 vocat:
456 2349 673 2421 Μητροδίίακιον
690 2346 742 2420 μὲν
758 2347 803 2400 τὸν
820 2347 863 2412 τῆς
877 2345 977 2417 Ἀρητῆς
993 2345 1054 2398 υἱὸν
1070 2344 1112 2410 τῆς
1130 2343 1206 2398 ἀδελ-

244 2455 296 2526 φῆς
312 2454 357 2508 wo
372 2455 537 2526 Ἀριστίππου
556 2454 688 2527 ὕμνοῢσιν
706 2455 734 2506 οἱ
751 2456 845 2507 πολλοί
862 2473 886 2506 κ,
905 2471 924 2505 τ.
941 2455 964 2506 i.
978 2484 1013 2496 -
1050 2449 1093 2504 De
1110 2450 1204 2517 Arete,

244 2558 416 2630 philosopha,
436 2558 583 2630 disputarit
601 2556 626 2611 J.
646 2556 679 2612 G.
699 2556 811 2612 Eeeius.
832 2589 865 2597 -
884 2555 963 2623 Quae
983 2565 1073 2611 autem
1095 2565 1205 2628 praeter

243 2662 313 2717 haee
331 2665 365 2718 de
383 2662 518 2734 Aristippi
536 2661 638 2717 familia
657 2672 814 2727 narrantur,
835 2671 963 2733 suspecta
983 2662 1107 2717 habenda
1125 2668 1203 2715 sunt:

244 2767 316 2838 apud
336 2766 484 2823 Stohaeum
504 2770 547 2824 66.
570 2769 611 2822 14.
626 2769 689 2822 ooil.
702 2765 784 2838 Βίας.
797 2767 828 2822 L.
843 2766 878 2821 11.
891 2769 937 2824 81.
958 2801 991 2808 -
1011 2766 1089 2822 Stoh.
1099 2769 1145 2822 84.
1162 2767 1203 2820 to.

299 2873 323 2946 1)
344 2870 374 2927 si
393 2882 422 2927 et
440 2890 471 2926 ea
489 2882 566 2928 reete
585 2873 722 2945 disputata
736 2883 807 2939 sunt,
826 2890 896 2947 quae
916 2870 1056 2927 aMenzio
1077 2873 1111 2926 de
1130 2881 1205 2926 tem-

244 2988 326 3050 pore,
344 2992 398 3051 quo
417 2977 574 3051 Aristippus
594 2980 627 3033 ab
647 2978 822 3051 Artapherne
843 2988 938 3051 eaptus
958 2988 1008 3044 est,
1027 2979 1205 3051 proferuntur

246 3084 282 3155 (p.
302 3085 336 3139 55
356 3093 412 3140 not.
435 3085 468 3158 1),
487 3093 514 3139 et
534 3102 565 3139 ea
585 3103 655 3157 quae
675 3086 735 3156 ipse
755 3085 789 3140 de
805 3085 947 3155 naufragio
966 3085 1024 3150 illo,
1042 3101 1097 3157 quo
1117 3080 1205 3155 syra-

245 3209 325 3246 cusas
350 3192 457 3246 delatus
484 3191 599 3256 dieitur,
622 3190 811 3263 proposuisp.
832 3195 943 3246 rihmot.
965 3191 1005 3263 i):
1047 3188 1205 3261 Aristippus

244 3296 287 3350 bis
311 3298 339 3350 iu
365 3298 451 3369 patria
476 3305 599 3351 versatus
625 3297 750 3359 videtum
776 3296 892 3367 primum
912 3313 946 3349 so
965 3304 1104 3366 tempore,
1131 3295 1205 3366 quod

244 3402 419 3474 interjectum
443 3411 485 3456 ost
508 3403 581 3456 iuter
599 3419 661 3455 ann.
688 3404 750 3457 396.
777 3410 806 3456 et
830 3419 892 3455 ann.
913 3400 981 3463 388,
1007 3399 1107 3455 deinde
1137 3407 1204 3463 tum,

244 3525 326 3579 quum
352 3505 515 3577 Dionysium
546 3505 678 3578 Maiorem
711 3507 869 3580 reliquerat.
922 3505 1092 3577 Quamquam
1123 3503 1204 3558 iaeiie

246 3612 377 3675 concedo,
397 3627 432 3664 ne
451 3610 523 3665 hane
540 3612 651 3683 quidem
677 3631 734 3667 rem
760 3613 887 3667 omnihus
912 3611 1128 3667 dubitationibus
1155 3628 1205 3663 ea-

245 3734 316 3770 rere.
354 3714 422 3771 Num
448 3734 482 3771 ue
500 3715 600 3772 Ritteri
620 3720 730 3791 quidem
756 3721 891 3774 sententia
920 3736 1033 3791 prorsus
1058 3714 1205 3789 improbari

245 3831 343 3894 potest,
363 3840 415 3894 qua
428 3822 585 3895 Aristippus
603 3842 653 3896 per
673 3815 782 3880 ultimos
802 3826 872 3880 ritae
894 3843 979 3880 annos
995 3822 1120 3894 Cyrenae
1140 3838 1207 3875 ver-

246 3938 319 3984 satus
339 3930 447 3983 dieitur.
486 3928 530 4000 (ΙΙ.
550 3949 577 4002 p.
598 3932 651 4003 92).
