2884 4625
653 355 707 431 59

201 581 319 637 otrasso
348 572 474 654 videor,
510 572 697 654 Aristippum
728 574 889 654 utriusque
924 574 1045 655 tyranni
1075 591 1158 637 cou-

201 714 362 776 suetudine
392 731 481 776 usum
504 713 632 798 csso1).
677 714 764 787 Quae
794 732 887 794 quum
909 716 949 776 ita
975 714 1049 796 sint,
1081 715 1156 776 Ari-

200 854 317 934 stippus
342 854 470 934 primum
493 854 622 934 ‘quidam
648 854 809 937 naufragio
837 854 907 936 ilio,
934 855 1018 935 quod
1048 875 1065 916 a
1092 855 1159 918 Ga-

199 994 272 1057 lcno
290 1001 490 1058 memoratum
513 1002 570 1077 ast,
594 994 766 1076 Syracusas
790 996 909 1059 dolatus
933 1014 1006 1059 osso
1027 995 1158 1079 videtur,

199 1141 309 1215 postca
338 1142 439 1198 autem
462 1152 519 1197 sua
539 1143 653 1216 sponte
663 1135 685 1220 ²)
710 1136 748 1199 ad
772 1135 870 1198 aulam
893 1136 1034 1216 Dionysii
1054 1136 1159 1199 Mino-

200 1274 389 1337 ris‘rcdiise.
433 1275 509 1338 Nam
540 1277 581 1337 ita
604 1283 720 1337 tantum
745 1275 817 1338 iliud
841 1276 916 1338 satis
941 1274 1031 1338 facile
1054 1277 1159 1357 expli-

201 1418 265 1479 cari
287 1425 407 1500 potest,
430 1417 514 1498 quod
532 1417 706 1498 Aristippus
732 1435 823 1498 quum
847 1416 914 1480 aliis
936 1425 999 1480 tum
1016 1419 1076 1498 ipsi
1092 1419 1160 1500 rogi

200 1558 402 1639 respondisse
425 1557 551 1639 dicitur,
577 1576 613 1620 se
637 1565 724 1620 certo
749 1558 883 1638 quodam
905 1558 1036 1621 consilio
1060 1558 1159 1640 Syra-

201 1713 292 1764 cusas
316 1700 509 1780 pervenisse.
555 1695 644 1772 Quod
666 1699 734 1761 tisri
756 1716 819 1761 non
839 1699 1010 1780 potuisset,
1035 1701 1062 1762 si
1085 1718 1160 1763 casu

199 1846 316 1910 tantum
340 1838 379 1901 ad
403 1837 484 1900 hanc
506 1838 614 1901 urbem
635 1837 791 1900 adductus
814 1844 908 1901 essct.
954 1838 1159 1911 Quamobrem

200 2157 277 2227 Quae
288 2159 311 2212 si
325 2167 402 2212 racto
416 2174 431 2211 a
445 2158 510 2212 viris
524 2156 688 2211 doctissimis
709 2158 845 2229 disputata
865 2168 936 2224 sunt,
955 2158 1029 2214 haud
1048 2160 1106 2214 scio
1125 2180 1160 2215 an

199 2264 264 2320 illac
281 2264 461 2330 narrationes,
479 2263 581 2336 quibua
598 2263 800 2329 meretriculas,
819 2265 892 2319 lauta
909 2266 1032 2321 conmria
1051 2284 1161 2322 momo-

199 2379 309 2435 rantur,
334 2371 368 2425 ad
390 2369 527 2426 Minorem
546 2370 708 2427 referendas
728 2370 791 2423 sint.
840 2369 1010 2447 Quamquam
1028 2391 1064 2427 no
1082 2382 1161 2444 pstor

200 2477 310 2549 quidam
328 2478 361 2531 ab
381 2478 455 2551 omni
474 2477 579 2531 luxuria
600 2477 706 2530 alienus
727 2484 794 2529 orat.

255 2581 279 2654 1)
298 2580 388 2637 Etiam
407 2580 486 2636 multi
504 2580 551 2636 alii
568 2583 805 2646 Διονυσοκόλακες
829 2585 937 2656 utrique
962 2585 1021 2654 regi
1047 2585 1160 2641 affuisse

200 2689 335 2753 dicuntur,
354 2698 385 2742 ut
402 2686 569 2743 Philoxenus
589 2687 756 2760 (Lachmann
774 2708 801 2761 p.
813 2691 876 2745 284.
896 2699 953 2744 not.
968 2690 1033 2763 84.)‚
1052 2689 1160 2746 Damo-

200 2796 270 2859 cles,
295 2795 397 2867 aliique
417 2793 613 2867 (Goattiing'p.
631 2797 695 2850 364.
715 2796 829 2868 noti.)
844 2833 847 2839 -
865 2793 982 2850 Accedit
997 2797 1073 2869 qnod
1090 2796 1161 2850 Ari-

199 2903 304 2974 stippus
324 2901 416 2954 multis
434 2901 462 2954 in
481 2901 550 2954 iocis
567 2900 624 2957 non
641 2902 690 2955 uni
710 2901 826 2972 tyranni,
844 2900 894 2954 scd
912 2901 1160 2972 tyrannis'affuissc

198 3007 298 3071 dicitur
314 3009 397 3077 (βίον
414 3009 516 3078 πρᾶσις
531 3007 573 3061 12.
593 3006 665 3062 Dial.
685 3012 765 3062 mo'rt
779 3009 830 3061 ¹20.
849 3007 886 3080 ὅ).

251 3114 277 3186 2,)
299 3112 355 3168 Sed
372 3114 489 3168 fortasse
507 3131 531 3167 a
541 3123 659 3184 tyranno
674 3115 805 3168 inritatus
824 3123 880 3178 cst,
905 3123 936 3167 ut
953 3111 1079 3169 Menzius
1099 3123 1160 3167 sta-

198 3227 279 3272 tuere
295 3218 413 3283 videtur,
431 3236 515 3289 quum
532 3217 603 3271 hacc
618 3217 763 3272 ’Plutarchi
781 3220 864 3273 rurba
883 3218 993 3272 afferat:
1013 3219 1159 3290 “pontopo-

197 3342 244 3382 νος
268 3323 298 3374 ot
319 3318 367 3374 xci
388 3322 433 3388 τὴν
456 3325 493 3382 οἷς
516 3322 575 3384 τοὺς
593 3322 760 3393 φιλοσόφους
782 3324 830 3376 διὰ
844 3323 979 3376 ’Πλάτωνα
995 3325 1160 3384 κακοδοξίαν

197 3424 529 3498 &maclorius-nott&
557 3428 652 3499 σονῆγο
681 3427 733 3480 οὖν
761 3429 980 3499 πεπαιδευμένων
1008 3428 1160 3493 δοκούντων

198 3530 260 3603 (vita
279 3529 438 3603 Diam-18).
483 3530 564 3597 Quor
589 3534 613 3586 si
637 3541 712 3589 rocta
731 3531 901 3604 disputatum
918 3542 975 3598 ost,
1000 3532 1158 3606 Aristippus

199 3653 255 3690 non
279 3644 343 3690 auto
369 3654 469 3690 anuum
488 3638 551 3693 365.
571 3637 617 3710 (ci
637 3637 789 3693 Hermann.
809 3641 827 3693 Ι.
846 3639 865 3693 l.
889 3638 1093 3697 Lachmannus
1110 3640 1156 3712 (ΙΙ.

198 3759 226 3811 p.
244 3742 307 3796 293.
326 3752 384 3796 aot
403 3743 458 3817 no.)
479 3741 621 3801 Platonem
639 3760 711 3800 anuo
726 3746 792 3801 θῶ.
812 3756 860 3801 aut
876 3746 939 3802 364.
964 3744 1087 3800 Maenas
1106 3763 1158 3798 re-

198 3848 281 3904 diisse
299 3851 387 3925 putat)
405 3853 439 3906 ad
456 3851 594 3910 Minorem
606 3851 771 3926 Dionysium
790 3856 923 3926 parvenit„
961 3854 1017 3908 Sed
1030 3855 1064 3909 oi.
1078 3872 1105 3925 p.
1121 3857 1156 3910 su

197 3965 254 4012 not.
275 3959 299 4011 1.
