2884 4625
673 342 723 415 63

220 558 372 621 advitam
395 557 627 622 sustentandam
648 557 827 620 necessaria
851 564 936 639 sunt,
964 557 1104 628 orbatum
1124 559 1176 623 lu-

218 701 301 781 isse,
342 698 526 761 dexteritate
560 706 662 761 autem
698 697 843 760 effecisse
875 698 1001 779 dicitur,
1030 706 1064 772 ut
1091 700 1179 764 brevi

207 845 359 919 tempore
389 839 446 901 sibi
477 838 639 899 multorum
669 837 825 899 hominum
848 839 966 902 animos
990 839 1177 901 conciliaret.

220 980 339 1041 Deinde
361 980 441 1042 haee
464 978 632 1042 dexteritas
663 997 755 1058 quum
778 977 879 1040 multis
902 979 1032 1040 vocibus
1055 979 1177 1042 indica-

219 1130 277 1203 tur,
303 1128 435 1201 quaest
459 1120 688 1203 elegantissime
712 1127 743 1181 et
764 1120 1001 1200 prudentissime
1020 1138 1178 1201 saepenu-

217 1280 305 1324 mero
327 1263 364 1324 ab
388 1281 428 1323 eo
445 1262 659 1342 pronuntiatae
683 1268 754 1324 sunt
772 1260 812 1342 ll:
836 1268 899 1324 tum
923 1279 1039 1323 summa
1062 1262 1176 1342 illa,·in

273 1525 297 1598 1)
309 1485 528 1595 'Elegantissime
547 1503 703 1593 Aristippus
729 1523 801 1577 haud
824 1528 902 1591 raro,
926 1525 1010 1597 quum
1029 1545 1042 1580 a
1063 1537 1178 1597 tyranno

217 1634 403 1701 interrogatus
422 1638 505 1695 esset,
523 1630 631 1683 videtur
642 1630 835 1699 respondisse3
852 1633 929 1685 velut
947 1640 1012 1698 tum,
1031 1635 1114 1704 quum
1132 1633 1178 1685 hic

217 1754 252 1790 ex
271 1754 304 1789 eo
324 1743 478 1808 quaereret,
497 1752 552 1807 quo
572 1736 689 1790 tandem
701 1737 817 1791 consilio
838 1735 987 1808 Syracusas
1006 1740 1179 1809 pervenisset

217 1841 280 1913 (vid.
293 1860 321 1913 p.
336 1845 369 1896 66
382 1861 409 1895 n.
427 1841 460 1915 l).
497 1839 606 1895 Deinde
625 1829 709 1914 quum
721 1839 827 1896 Paridis
841 1844 966 1914 exemplo
977 1835 1011 1897 ¹se
1024 1855 1177 1909 excusaret,

215 1949 290 2020 quod
311 1948 512 2001 meretriculam
526 1965 541 2000 a
553 1957 668 2018 tyranno
685 1948 813 2019 accipere
826 1948 914 2003 nollet
927 1948 1018 2021 (Diog.
1028 1948 1059 2002 L.
1071 1948 1107 2003 ll.
1122 1952 1176 2024 66).

214 2051 343 2126 Denique
362 2052 475 2107 Diocles
493 2041 702 2122 elegantissima
721 2054 769 2106 illa
787 2055 885 2119 verba,
911 2072 981 2126 quae
1001 2072 1016 2109 a
1035 2057 1175 2110 nonnullis

214 2158 322 2214 Platoni
341 2160 540 2222 tribuebantur,
559 2158 593 2211 ab
612 2158 754 2229 Aristippo
773 2159 897 2229 proiecta
915 2160 1041 2230 putabat:
1077 2161 1178 2214 mentm

214 2286 258 2329 τος
274 2267 342 2341 πρὸς
360 2267 438 2321 αὐτὸν
456 2268 597 2320 Διονυσίου
1098 2259 1102 2263 ’

263 2372 343 2435 ‘ilem
359 2375 413 2446 γὰρ
432 2376 469 2433 εἰς
484 2372 615 2444 τύραννον
633 2371 805 2442 ἐμπορεύεται

269 2479 413 2534 Keivoo‘nrr
430 2479 533 2543 δοῦλος,
551 2477 603 2530 κᾶν
621 2477 760 2549 ἐλεύθερος
776 2477 854 2549 μόλῃ.

216 2586 359 2655 ὑπολαβών

269 2691 324 2744 Οὐκ
342 2691 395 2744 ἐστὶ
412 2690 514 2753 δοῦλος,
534 2688 568 2742 ἂν
586 2688 723 2758 ἐλεύθερος
741 2688 819 2760 μόλῃ.

216 2793 271 2849 Sed
295 2795 379 2849 iidem
397 2792 538 2866 Euripidis
563 2808 658 2847 versus
684 2808 707 2846 a'
718 2790 866 2846 Plutarcho
885 2809 975 2864 neque
993 2789 1101 2846 Platoni
1120 2809 1176 2846 ne-

215 2917 268 2972 que
292 2898 449 2971 Aristippo,
477 2901 527 2952 sed
551 2898 656 2953 Zenoni
684 2899 851 2952 tribuuntur.
877 2929 911 2937 ——
957 2896 1174 2953 Prudentissime

214 3016 305 3060 autem
323 3004 480 3077 Aristippus
498 3005 642 3069 intellexit,
662 3004 721 3057 fieri
740 3020 797 3056 non
815 3020 907 3073 posse,
925 3012 956 3056 ut
975 3020 1016 3068 ea,
1035 3021 1105 3076 quae
1126 3005 1174 3057 in-

215 3119 256 3163 ter
274 3108 417 3164 Platonem
436 3121 516 3183 atque
535 3109 699 3182 Dionysium
725 3109 861 3173 exstabat,
888 3109 1006 3162 amicitia
1031 3109 1077 3162 diu
1103 3127 1174 3163 con-

215 3224 378 3269 servaretur.
415 3214 554 3270 Plutarch.
573 3217 627 3270 vita
651 3213 735 3268 Dion.
762 3215 804 3267 19.
848 3212 921 3268 οὕτω
947 3215 975 3267 δὲ
999 3206 1174 3286 διακειμένων

214 3320 283 3391 πρὸς
300 3321 494 3386 ἀλλήλους’καὶ
517 3322 663 3374 λανθάνειν
686 3321 787 3380 πάντας
811 3322 942 3391 οἰομένων
955 3321 1067 3373 Ἑλίκων
1086 3321 1099 3372 ὃ
1118 3327 1174 3373 Κυ-

214 3426 316 3492 ζικηνός
338 3465 344 3478 .
366 3465 372 3478 .
399 3464 405 3477 .
431 3464 437 3477 .
462 3426 536 3491 ἡλίου
560 3433 687 3499 προεῖπεν
711 3429 841 3492 ἔκλειψιν·
877 3428 922 3478 καὶ
949 3427 1106 3497 γενομένης,
1138 3425 1175 3486 ὥς

213 3537 330 3603 προεῖπε,
348 3532 519 3602 θαυμασθεὶς
536 3532 587 3585 ὑπὸ
605 3534 649 3586 τοῦ
667 3532 802 3604 τυράννου.
815 3532 920 3603 δωρεὰν
931 3534 1023 3601 ἔλαβεν
1042 3531 1174 3604 ἀργυρίου

212 3638 344 3691 τάλαντον.
381 3639 543 3709 Ἀρίστιππος
561 3636 590 3690 δὲ
607 3640 710 3700 παίζων
734 3640 802 3709 πρὸς
819 3638 878 3697 τοὺς
896 3637 991 3698 ἄλλους
1009 3638 1174 3707 φιλοσόφους

213 3745 262 3812 ἔφη
281 3764 304 3796 π
321 3745 367 3796 καὶ
384 3743 461 3804 αὐτὸς
479 3721 550 3814 ἔχειν
565 3743 616 3796 τῶν
634 3743 797 3816 παραδόξων
816 3749 960 3813 προειπεῖν.
1002 3744 1127 3797 Ἐνείνων
1144 3743 1173 3796 δὲ

213 3847 317 3917 φράσαι
345 3851 481 3919 δεομένων
506 3851 651 3920 ί(Προλέγω
675 3850 792 3911 reivers
824 3852 909 3912 εἶπεν,
934 3850 1044 3919 “dliyou
1065 3846 1172 3920 χρόνου

212 3951 342 4005 Πλάτωνα
360 3956 406 4006 καὶ
423 3954 564 4007 Διονύσιον
582 3954 696 4026 ἐχθροὺς
712 3954 930 4026 γενησομένους.”
972 3951 1061 4018 Quem
1080 3955 1171 4006 locum
