2884 4625
723 297 784 406 '52

281 554 474 616 narrationes
513 553 596 616 baud
631 556 707 616 sotis
731 534 829 616 'iinno
861 553 1058 616 fundamento
1094 554 1246 616 nituntur.

281 694 367 767 Quae
391 696 542 757 sententia
567 695 664 775 qualis
688 698 743 777 sit,
766 698 872 777 paucis
895 695 1124 776 explicabimus.
1169 697 1245 759 Pri-

279 855 360 898 mum
384 835 463 897 enim
488 813 579 898 facile
597 835 748 918 concedo,
772 836 852 920 illam
876 856 965 922 quam
985 837 1158 918 Aristippus
1182 855 1244 899 se-

279 991 561 1006 -ῑ-Ἇ-μ.

278 1080 323 1123 tur
340 1071 485 1126 exstitisse.
529 1070 610 1138 Quod
628 1073 855 1143 quemadmodum
874 1073 907 1154 ab
927 1090 1023 1128 eorum
1042 1072 1164 1126 moribus
1182 1073 1241 1154 ali-

274 1195 361 1254 enum
379 1188 435 1244 est,
456 1180 493 1233 ita
512 1179 614 1234 diserte
633 1180 694 1244 iiia,
713 1167 876 1260 quaeepud
893 1176 976 1249 Diog.
994 1177 1024 1232 L.
1043 1176 1079 1232 ll.
1100 1179 1143 1233 67.
1163 1179 1240 1252 legi-

277 1291 329 1347 tur,
347 1257 454 1337 Platoni
467 1284 603 1347 tribuitur,
622 1302 690 1339 voce
702 1284 845 1338 refutatur.
867 1283 912 1355 (ci.
925 1302 952 1355 p.
965 1284 1065 1338 iluot.
1082 1282 1115 1356 1).
1141 1281 1239 1338 Acce-

277 1391 316 1444 dit
334 1392 408 1463 quod
427 1392 460 1472 de
473 1391 622 1473 nonnullis,
640 1408 710 1470 quae
724 1390 928 1461 elegantissime
944 1392 1136 1468 pronuntiatae
1150 1400 1236 1455 eraut,

275 1498 390 1556 vocibus
407 1498 599 1578 dubitabatur,¹
623 1506 715 1560 utrum
733 1495 842 1570 Platoni
861 1514 895 1551 an
913 1497 1055 1570 Aristippo
1074 1497 1236 1572 tribuendpe

276 1612 377 1660 essent.
423 1602 512 1684 (Diog.
532 1603 563 1658 Ι..
584 1602 620 1658 11.
638 1605 683 1666 82.
705 1613 733 1660 et
752 1605 796 1659 68.
817 1604 879 1660 coit.
899 1602 946 1657 Vl.
967 1605 1021 1678 58).
1065 1601 1137 1678 Quid
1156 1604 1235 1678 ,quoa

275 1708 471 1790 iheopompus
497 1710 578 1766 etiam
604 1710 689 1774 murita
713 1695 784 1782 onae
808 1709 848 1784 in¹
862 1709 943 1766 lions
957 1707 1079 1784 Platonis
1097 1710 1235 1784 leguntur,

275 1832 308 1867 ox
326 1813 460 1884 Aristippi
480 1814 710 1893 disputationibus,
729 1814 852 1868 desumto
872 1814 1005 1888 putubat-
1032 1811 1234 1886 sponsatae

273 1895 316 1974 his
336 1918 509 1991 Theopompi
527 1920 629 1996 uerbis,
647 1920 681 1973 de
700 1893 923 1998 quibuspostea
934 1921 1088 1992 accuratius
1107 1918 1235 1991 dispute-

272 2027 376 2092 bimus,
395 2027 568 2104 statuendum
587 2025 653 2104 erit,
673 2012 792 2105 utraque
805 2043 850 2080 res
868 2044 925 2081 non
943 2024 1025 2080 facile
1045 2025 1105 2079 fieri
1123 2026 1234 2097 potuis-

273 2103 329 2199 set,
360 2134 383 2187 si
401 2132 557 2210 Aristippus
583 2142 610 2186 et
627 2129 706 2186 Plato
730 2132 805 2188 nullu
831 2132 859 2186 in
884 2149 914 2188 re
932 2132 1006 2204 inter
1023 2148 1053 2183 se
1072 2130 1235 2186 consensis-

272 2248 343 2296 sent.
357 2257 395 2278 “-
433 2237 542 2292 Deinde
557 2237 794 2313 Antisthenes
812 2238 879 2309 quid
897 2255 959 2291 cum
977 2235 1120 2310 Aristippo,
1138 2235 1235 2305 egerit,

272 2362 352 2399 nemo
372 2326 482 2416 praeter
501 2343 613 2399 Sdidam
633 2354 660 2399 et
679 2356 819 2400 auctorem
839 2346 919 2423 epist.
940 2343 1025 2399 Socr,
1037 2345 1064 2398 8.
1085 2353 1113 2425 et
1127 2314 1157 2398 ‚Q
1177 2362 1233 2397 no-

271 2449 314 2533 bis
339 2450 473 2505 tradidit·
502 2448 561 2529 'Sed
586 2444 668 2527 quum
696 2449 798 2505 Suidae
823 2451 906 2505 rerba
931 2453 1087 2521 (ἐπέσκωπτε
1112 2450 1139 2502 d'
1158 2450 1248 2504 uszs-

271 2561 367 2624 σθένην
385 2560 426 2613 dei
445 2560 490 2612 oro
508 2529 760 2630 τὴνμστρυᾳῷότητα)
785 2558 886 2630 optime
912 2576 974 2612 cum
997 2559 1139 2631 utriusque
1164 2559 1232 2633 phi-

271 2663 381 2734 iosophi
400 2664 522 2719 moribus
541 2664 728 2717 consentient:
759 2664 822 2717 illae
848 2664 980 2733 epistolae
1005 2673 1096 2719 tamen
1119 2682 1231 2735 prorsus

178 2774 182 2781 '
270 2769 437 2839 rejiciendae
453 2765 588 2825 videntur.
636 2767 679 2823 De
698 2771 798 2842 quibus
817 2766 959 2835 Bentleius
979 2771 1131 2824 rectissime
1151 2771 1231 2824 vide-

270 2884 314 2928 tur
333 2868 477 2929 statuisse:
515 2874 693 2945 “Indignum’'
718 2876 820 2948 inquit,
848 2875 980 2929 “istorum
1004 2877 1144 2931 hominum
1169 2895 1231 2951 ιυρ-

270 2982 355 3035 moria
376 2990 418 3034 cst
436 2969 600 3046 existimare,
620 2982 667 3037 tati
686 3000 735 3041 eos
754 2983 859 3039 rodone
876 2983 961 3037 fuisse
976 2982 1084 3053 jocatos
1096 2991 1231 3052 nugatos-

269 3088 340 3159 que”
361 3087 436 3160 (diss.
455 3088 491 3140 ¹do
511 3105 554 3158 ep.
575 3086 652 3141 Socr.
673 3088 703 3161 S.
722 3088 771 3157 4.).
791 3120 824 3131 -
852 3086 948 3161 Neque
968 3091 1106 3143 caminus
1126 3089 1230 3141 incerta

269 3204 347 3259 suut,
373 3213 444 3266 quse
469 3194 503 3247 de
522 3192 709 3248 Phaedone
737 3204 764 3248 et
791 3193 934 3250 Simone
955 3193 1103 3257 Socraticis
1128 3196 1183 3248 iilis
1201 3195 1230 3247 in
1327 3262 1330 3266 Δ
1435 3224 1436 3229 =

269 3303 393 3372 epistolis
417 3302 555 3371 leguntur.
605 3299 674 3354 Nam
698 3311 809 3371 praeter
833 3302 901 3356 hoec
926 3303 961 3356 de
970 3334 976 3355 s
987 3300 1135 3355 Phaedone
1159 3318 1230 3354 unus

267 3406 409 3478 Diogenes
434 3406 576 3471 Laertius,
612 3406 645 3460 de
674 3394 788 3469 Simone
813 3424 893 3461 nemo
917 3406 1040 3462 veterum
1067 3408 1229 3478 scriptorum

268 3514 415 3586 quidquem
434 3513 552 3577 tradidit,
563 3513 646 3584 'quod
658 3512 693 3565 ad
707 3510 878 3584 Aristippum
897 3514 1072 3568 referendum
1092 3515 1135 3567 sit.
1174 3511 1229 3568 Sed

269 3617 349 3671 etism
376 3632 407 3670 es
432 3635 501 3689 quae
522 3619 593 3688 apud
613 3615 694 3688 Diog.
715 3616 745 3671 L.
771 3619 914 3689 leguntur,
941 3621 1113 3684 dubitentur,
1138 3630 1228 3674 utrum

267 3721 413 3777 Phaedoni.
428 3742 462 3777 an
482 3721 643 3777 Charondae
663 3724 808 3778 tribuenda
827 3727 882 3780 sint
899 3724 944 3797 (D.
964 3726 994 3780 L.
1014 3725 1048 3790 ΙΙ,
1062 3727 1127 3798 to).
1165 3724 1227 3779 Re·-

267 3840 340 3885 steut
364 3831 482 3902 denique
505 3825 706 3883 Aeschines
740 3841 767 3885 et
789 3830 968 3902 Diogenes
993 3830 1160 3903 Cynicus,
1191 3832 1226 3884 de

267 3935 365 4008 quibus
385 3945 480 4005 postea
500 3934 706 4004 disputabimus.
