2884 4625
711 258 764 334 st

256 481 429 542 sententiae
452 480 519 542 sine
543 479 717 559 mrpissima
740 478 807 561 tila,
838 497 897 559 qua
917 479 1110 545 recentiores
1134 478 1217 543 atte-

257 620 297 682 cti
320 625 425 699 erant,
459 618 570 680 invidia
593 620 783 699 pronuntiari
806 619 958 681 sotebant
1012 618 1099 692 Quae
1121 636 1216 698 quum

255 759 296 820 ita
320 760 396 839 sint,
426 757 508 819 haud
531 759 656 832 multum
680 760 823 822 omuibus
845 761 883 822 iis
907 760 1134 822 narrationibus
1158 762 1215 822 tri-

255 896 410 959 bucndum
432 896 569 978 videtur,
612 898 721 977 quihus
744 898 918 979 Aristippus
943 898 1016 961 odie
1039 898 1173 979 quodam
1196 917 1213 960 a

257 1035 422 1100 Socraticis
444 1045 498 1100 aut
521 1038 709 1121 dissedisse,
740 1047 793 1102 aut
823 1041 890 1120 ipse
912 1047 1044 1102 vexatus
1067 1056 1140 1102 esse
1163 1039 1214 1101 di-

258 1182 343 1243 citur.
399 1182 495 1263 „Nam
524 1182 642 1243 incerto
672 1181 749 1244 fides
782 1183 914 1243 omnium
938 1181 1004 1244 fere
1027 1200 1135 1245 eorum
1158 1190 1215 1261 est,

258 1322 390 1401 quaein
416 1320 670 1401 vituperationem
701 1339 738 1382 ac
762 1320 900 1383 dedecus
928 1323 1214 1402 praestantissimo-

257 1476 324 1519 rum
356 1459 438 1520 inter
469 1458 613 1538 antiquos
634 1456 890 1538 philosophorum
913 1461 1045 1541 narrari,
1079 1468 1111 1522 et
1132 1460 1216 1523 uelut

258 1597 297 1660 de
319 1617 409 1660 manu
432 1599 463 1661 in
486 1616 607 1661 manum
629 1599 708 1661 tradi
732 1599 863 1661 solent.“
917 1597 1037 1680 (Lunae.
1064 1600 1131 1661 lect.
1155 1600 1215 1661 At-

257 1736 356 1821 ticae).
402 1737 548 1818 Accedit,
582 1738 664 1818 qnod
692 1746 818 1819 praeter
841 1738 896 1801 has
920 1739 1113 1801 narratmnes
1137 1739 1216 1801 aliae

257 1885 482 1959 saepenumero
514 1886 567 1941 aut
596 1880 676 1960 apud
703 1878 832 1942 eosdem
856 1887 908 1942 aut
929 1879 1009 1960 apud
1033 1879 1111 1942 alios
1133 1881 1215 1943 scri-

258 2027 364 2099 ptores
387 2020 600 2101 inveniuutur,
624 2039 704 2100 quae
727 2022 764 2083 iis
788 2038 916 2101 prorsus
938 2020 1111 2082 contrariae
1136 2027 1214 2081 sunt.

259 2158 308 2240 (cf.
329 2160 491 2222 Hermann.
516 2180 544 2242 p.
571 2158 612 2222 32
634 2160 699 2245 su).

322 2301 425 2382 Atque
448 2301 530 2365 haud
553 2303 620 2365 scio
644 2320 682 2363 an
703 2318 817 2363 novum
845 2318 938 2362 meae
964 2300 1141 2363 sententiae·
1161 2311 1216 2361 ar...

259 2449 436 2523 gumeutum
466 2461 503 2505 ea
533 2460 574 2505 ex
604 2461 638 2505 re
663 2441 828 2523 petendum
852 2442 907 2521 sit,
938 2442 1020 2519 quod
1043 2441 1214 2523 Aristippus

259 2581 490 2661 post.Socrntis
512 2589 641 2642 mortem
664 2598 724 2642 una
748 2599 816 2642 cum
840 2580 953 2643 ceteris
976 2579 1133 2661 discipulis
1145 2582 1215 2642 Me-

260 2718 344 2799 garis
368 2726 510 2783 versatus
533 2716 663 2780 videtur.
708 2716 785 2779 Nam
808 2716 1071 2796 quamvis'neque
1083 2718 1216 2800 Diogeni

259 2858 381 2923 Laertio
404 2875 506 2938 neque
529 2857 830 2937 Pseudosoeratiois,
860 2856 899 2919 od
923 2873 1052 2935 quorum
1075 2859 1215 2920 auctori-

261 3007 354 3061 tatem
378 3017 430 3061 res
453 2999 532 3062 redit
555 2999 595 3084 ¹),
618 3018 728 3082 magna
751 2998 828 3060 fides
854 2997 995 3060 habenda
1019 3000 1073 3082 sit,
1096 3018 1149 3064 rcs
1163 3009 1214 3062 ta-

317 3223 341 3298 1)
361 3223 450 3299 Epist.
468 3227 510 3279 16.
530 3227 673 3284 ἐπέστειλας
685 3225 715 3277 ds'
724 3244 782 3296 μοι,
800 3224 857 3283 πῶς
869 3222 1049 3295 inexaminato
1060 3225 1153 3287 πάντες
1171 3226 1217 3279 ἀπ’

256 3332 375 3398 Ἀθηνῶν
393 3333 419 3383 ot
437 3324 595 3403 Σωνράτονς
612 3329 719 3402 ἐρασταί
734 3348 760 3382 τε
777 3330 823 3381 καὶ
839 3328 992 3399 φιλόσοφον,
1011 3322 1123 3391 δεδιότες
1139 3322 1176 3403 μή
1195 3350 1218 3382 τι

261 3439 312 3489 κτλ.
348 3436 404 3488 Καὶ
423 3434 489 3508 ἅμες
513 3431 561 3489 οὖν
584 3436 621 3497 ὥς
645 3431 722 3508 ἐσμὲν
747 3437 775 3487 ἐν
799 3437 897 3506 Αἰγίνᾳ
920 3435 1084 3508 dometimur
1107 3426 1217 3489 tntae

261 3541 399 3614 παρόντος.
435 3545 489 3596 εἶτα
514 3543 543 3596 de*
567 3543 628 3612 παρ’
654 3541 726 3614 ὑμᾶς
751 3540 908 3613 ἀφιξόμεθα
930 3543 999 3595 tend.
1036 3543 1081 3597 21.
1107 3543 1138 3596 οὐ
1162 3545 1216 3615 γὰρ

261 3648 355 3719 πόρ’ρω
367 3649 434 3701 ἐστιν
448 3649 515 3701 ἰέναι
532 3649 575 3701 tut
593 3650 716 3719 Μέγαρα.
754 3648 798 3699 29.
819 3643 848 3707 ὃς
866 3650 894 3701 ἐν
906 3645 1043 3716 Μεγάροις
1055 3647 1148 3718 ὡμίλει
1159 3668 1216 3720 μοι.

261 3750 342 3824 Diog.
362 3751 392 3807 L.
412 3751 447 3807 II.
468 3755 511 3807 62.
552 3752 650 3806 Τούτου
673 3753 732 3813 τούς
755 3752 895 3824 ’διολόγονς
910 3753 1066 3807 ’ὑπώπτευεν
1090 3756 1136 3808 καὶ
1152 3731 1218 3827 Ἀρί-

260 3876 376 3919 στιππος.
412 3862 440 3912 ἐν
457 3859 525 3930 γοῦν
535 3856 672 3928 Μεγάροις
690 3857 917 3929 ἀναγινώσκοντος
935 3858 1014 3912 αὐτοῦ
1026 3878 1094 3930 φασι
1111 3863 1218 3929 σκῶψαι
