2884 4625
730 315 780 390 20

537 537 629 599 Varis
654 536 873 617 ejmtttnem„
894 533 1235 614 tantundemtatutndem

397 701 410 720 ··
532 677 652 742 rediit'
1136 735 1139 740 ,

444 857 447 874 .
472 815 546 890 389.
567 814 640 901 (88.)
664 833 724 879 uua
739 835 813 879 cum
826 816 952 879 Plutone
974 815 1234 897 Syracusis-ver*

537 963 703 1020 satusest
746 959 768 1006 f
807 987 808 992 =
965 983 1021 1002 ··
1136 979 1139 988 ’

471 1093 694 1183 366.’ῧπῆρξε.
745 1094 880 1179 (Diades.
904 1096 923 1158 Ι.
946 1095 974 1181 Ι.)
1025 1095 1135 1174 Atque
1152 1094 1233 1158 haud

529 1239 602 1300 :scia
632 1254 671 1299 an
700 1236 864 1318 plurimam
890 1238 960 1319 ejus
978 1236 1135 1317 'temporis
1157 1254 1233 1317 para

532 1385 613 1459 tem,
649 1376 734 1456 quod
765 1377 846 1438 inter
881 1393 993 1439 annum
1021 1372 1086 1437 389
1116 1383 1147 1438 et
1170 1373 1229 1436 361

402 1543 408 1556 ¹
532 1517 728 1598 interjectum
751 1524 816 1599 est,
853 1516 996 1598 Cyrenas
1016 1524 1159 1582 versatus
1184 1516 1231 1598 sit

534 1649 627 1722 atquc
647 1658 739 1722 quum
761 1640 840 1710 attus
862 1650 926 1706 tum
947 1642 1037 1708 fitam
1050 1643 1230 1710 instituerit
1273 1629 1288 1664 ⁴

284 1829 306 1850 ,κ
422 1835 425 1840 .
468 1778 541 1844 361.
573 1799 633 1843 una
670 1799 740 1846 cum
775 1780 901 1846 Platone
936 1782 1047 1848 itineri
1077 1783 1231 1865 Dionysia

480 1989 484 1994 ,
533 1918 638 1984 adfuit.

391 2133 394 2140 ¹
463 2058 542 2123 1360.
562 2062 596 2124 in
616 2061 715 2128 insuta
739 2063 848 2145 Lipara
872 2073 1010 2132 mortuus
1023 2067 1163 2132 uidetur.
1212 2113 1215 2120 -

273 2201 462 2282 Quamquam
496 2220 537 2266 ne
562 2220 630 2284 ege
666 2204 790 2285 quidem
823 2223 943 2289 negare
976 2208 1107 2291 audem,
1129 2208 1230 2287 multa,

273 2359 353 2422 quae
376 2361 393 2405 a
415 2361 466 2405 me
489 2344 628 2425 apposita
651 2353 737 2429 sunt,
761 2346 843 2409 haud
866 2349 990 2415 omnine
1015 2354 1099 2411 certa
1122 2346 1229 2409 videri.

272 2480 362 2559 Quod
384 2484 467 2547 unde
489 2482 603 2557 factum
625 2485 680 2566 sit,
713 2486 826 2584 nemini
848 2485 1014 2567 obscurum
1037 2500 1110 2551 csse
1134 2490 1227 2565 pete-

271 2625 320 2687 rit.
365 2624 486 2691 Etenim
499 2646 601 2691 nemo
628 2627 687 2691 nisi
715 2645 795 2690 unus
817 2625 973 2694 Diodorus
997 2631 1130 2686 aetatem
1152 2624 1229 2687 Ari-

174 2763 177 2768 ’
271 2764 361 2846 stippi
384 2766 500 2831 diserte
523 2767 653 2829 tradidit
698 2766 829 2831 Accedit
852 2764 934 2846 quod
957 2762 1063 2828 dubito
1082 2781 1122 2824 an
1141 2783 1178 2827 ea
1198 2763 1248 2834 in,

270 2922 305 2966 re
329 2923 346 2967 a
368 2906 521 2968 nonnullis
545 2905 732 2980 dissentiam,
756 2905 838 2986 quod
861 2905 934 2970 mihi
951 2903 1074 2986 quidem
1089 2923 1153 2968 non
1169 2922 1228 2969 sn-

270 3044 332 3107 lum
355 3044 534 3108 Plutarchus
559 3043 629 3127 (vita
650 3045 740 3107 Dium
759 3041 818 3129 19.)
841 3046 1148 3126 atquettegesander
1168 3044 1227 3130 (ap.

183 3224 186 3230 ι
269 3182 381 3247 Athen.
404 3183 467 3246 XII.
479 3180 543 3244 544
566 3182 613 3267 a),
636 3198 744 3244 verum
767 3184 857 3247 etiam
880 3185 1032 3250 Lucienus
1053 3195 1146 3268 atque
1168 3206 1228 3251 au-

272 3333 340 3391 ctor
363 3326 451 3407 epist.
475 3323 592 3389 Socrat.
617 3322 667 3386 23.
699 3343 762 3388 non
792 3335 853 3390 tam
875 3328 1025 3412 Majcrem
1055 3349 1145 3411 quarn
1166 3332 1228 3394 Mi-

269 3483 377 3531 norem
400 3465 581 3546 Dionysium
596 3474 739 3548 spectare
753 3468 902 3533 videntur.
948 3470 1035 3545 Quae
1049 3490 1102 3535 res
1115 3491 1226 3553 quam-

270 3605 318 3669 vis
339 3568 449 3688 postea
472 3605 779 3677 uberiustractanda
802 3610 958 3676 videam:
986 3612 1149 3677 hocloco
1174 3621 1226 3676 ta-

268 3763 378 3808 mena
402 3747 492 3809 nobis
516 3757 716 3832 memoratur,
740 3768 780 3812 ne
803 3754 853 3815 cui
875 3753 1041 3816 obscurum
1065 3753 1121 3835 sit,
1154 3754 1226 3833 qui-

268 3886 326 3949 bus
349 3907 389 3950 ex
412 3891 533 3959 caussis
551 3891 738 3974 Aristippum
761 3909 861 3972 usque
883 3892 1056 3955 adunnum
1079 3889 1151 3954 360.
1176 3893 1226 3953 vi-
